{"CBPO":{"symbol":"CBPO","exchange":"NASDAQ","code":"CBPO","name":"泰邦生物","current":"80.34","percentage":"-0.07","change":"-0.06","open":"80.55","high":"82.5","low":"79.92","close":"80.34","last_close":"80.4","high52week":"125.99","low52week":"76.26","volume":"56904.0","lot_volume":"56904.0","volumeAverage":"424754","marketCapital":"2.1802528605E9","eps":"3.64","pe_ttm":"22.0714","pe_lyr":"20.7643","beta":"1.75","totalShares":"27137825","time":"Mon Oct 30 10:30:10 -0400 2017","afterHours":"80.4","afterHoursPct":"0.0","afterHoursChg":"0.0","afterHoursTime":"Mon Oct 30 03:59:20 -0400 2017","updateAt":"1509350301283","dividend":"0.0","yield":"0.0","turnover_rate":"0.21%","instOwn":"68.0","rise_stop":"0.0","fall_stop":"0.0","currency_unit":"USD","amount":"4620604.8","net_assets":"20.26","hasexist":"","has_warrant":"0","type":"1","flag":"1","rest_day":"","amplitude":"3.21%","market_status":"交易中","lot_size":"1","min_order_quantity":"0","max_order_quantity":"0","tick_size":"0.01","variable_tick_size":"0.0001 1 0.01","kzz_stock_symbol":"","kzz_stock_name":"","kzz_stock_current":"80.55","kzz_convert_price":"0.0","kzz_covert_value":"0.0","kzz_cpr":"0.0","kzz_putback_price":"0.0","kzz_convert_time":"","kzz_redempt_price":"0.0","kzz_straight_price":"0.0","kzz_stock_percent":"","pb":"3.97","benefit_before_tax":"0.0","benefit_after_tax":"0.0","convert_bond_ratio":"","totalissuescale":"","outstandingamt":"","maturitydate":"","remain_year":"","convertrate":"","interestrtmemo":"","release_date":"","circulation":"0.0","par_value":"0.0","due_time":"0.0","value_date":"","due_date":"","publisher":"","redeem_type":"T","issue_type":"0","bond_type":"","warrant":"","sale_rrg":"0","rate":"","after_hour_vol":"56904","float_shares":"27238000","float_market_capital":"2.1899352E9","disnext_pay_date":"","convert_rate":"","volume_ratio":"0.0","percent5m":"0.04","pankou_ratio":"-25.58%","dividend_pay_date":"","ex_dividend_date":"","moving_avg_200_day":"101.61","chg_from_200_day_moving_avg":"-21.21","pct_chg_from_200_day_moving_avg":"-0.20879999999999999","moving_avg_50_day":"89.59","chg_from_50_day_moving_avg":"-9.19","pct_chg_from_50_day_moving_avg":"-0.1026","shares_outstanding":"2.7238E7","ebitda":"1.5564E8","short_ratio":"6.28","pe_estimate_next_year":"14.49","peg_ratio":"1.53","eps_estimate_next_year":"5.55","eps_estimate_next_quarter":"0.9","eps_estimate_current_quarter":"4.93","psr":"6.4","revenue":"3.4489E8","profit_margin":"0.3032674765867378"},"CNTF":{"symbol":"CNTF","exchange":"NASDAQ","code":"CNTF","name":"泰克飞石","current":"2.23","percentage":"0.0","change":"0.00","open":"0.0","high":"0.0","low":"0.0","close":"2.23","last_close":"2.23","high52week":"3.6","low52week":"1.45","volume":"0.0","lot_volume":"0.0","volumeAverage":"28836","marketCapital":"2.360836107E7","eps":"-0.29","pe_ttm":"","pe_lyr":"2.9733","beta":"1.63","totalShares":"10586709","time":"Fri Oct 27 15:52:52 -0400 2017","afterHours":"2.23","afterHoursPct":"0.0","afterHoursChg":"0.0","afterHoursTime":"Mon Oct 30 03:59:21 -0400 2017","updateAt":"1509350302229","dividend":"0.0","yield":"0.0","turnover_rate":"","instOwn":"8.63","rise_stop":"0.0","fall_stop":"0.0","currency_unit":"USD","amount":"0.0","net_assets":"24.53","hasexist":"","has_warrant":"0","type":"1","flag":"1","rest_day":"","amplitude":"","market_status":"交易中","lot_size":"1","min_order_quantity":"0","max_order_quantity":"0","tick_size":"0.01","variable_tick_size":"0.0001 1 0.01","kzz_stock_symbol":"","kzz_stock_name":"","kzz_stock_current":"2.18","kzz_convert_price":"0.0","kzz_covert_value":"0.0","kzz_cpr":"0.0","kzz_putback_price":"0.0","kzz_convert_time":"","kzz_redempt_price":"0.0","kzz_straight_price":"0.0","kzz_stock_percent":"","pb":"0.09","benefit_before_tax":"0.0","benefit_after_tax":"0.0","convert_bond_ratio":"","totalissuescale":"","outstandingamt":"","maturitydate":"","remain_year":"","convertrate":"","interestrtmemo":"","release_date":"","circulation":"0.0","par_value":"0.0","due_time":"0.0","value_date":"","due_date":"","publisher":"","redeem_type":"F","issue_type":"","bond_type":"","warrant":"","sale_rrg":"","rate":"","after_hour_vol":"0","float_shares":"6148000","float_market_capital":"1.371004E7","disnext_pay_date":"","convert_rate":"","volume_ratio":"0.0","percent5m":"0.0","pankou_ratio":"0.0%","dividend_pay_date":"","ex_dividend_date":"","moving_avg_200_day":"2.55","chg_from_200_day_moving_avg":"-0.32","pct_chg_from_200_day_moving_avg":"-0.1258","moving_avg_50_day":"2.36","chg_from_50_day_moving_avg":"-0.13","pct_chg_from_50_day_moving_avg":"-0.0564","shares_outstanding":"1.0586E7","ebitda":"3310000.0","short_ratio":"0.45","pe_estimate_next_year":"","peg_ratio":"0.0","eps_estimate_next_year":"","eps_estimate_next_quarter":"0.0","eps_estimate_current_quarter":"","psr":"0.45","revenue":"5.107E7","profit_margin":"0.10571490111611513"},"ALN":{"symbol":"ALN","exchange":"AMEX","code":"ALN","name":"绿润集团","current":"0.3200","percentage":"0.0","change":"0.0000","open":"0.32","high":"0.32","low":"0.0","close":"0.32","last_close":"0.32","high52week":"0.72","low52week":"0.24","volume":"0.0","lot_volume":"0.0","volumeAverage":"25654","marketCapital":"1.22430368E7","eps":"0.11","pe_ttm":"2.9091","pe_lyr":"2.9091","beta":"0.47","totalShares":"38259490","time":"Fri Oct 27 15:55:45 -0400 2017","afterHours":"0.32","afterHoursPct":"0.0","afterHoursChg":"0.0","afterHoursTime":"Mon Oct 30 03:59:17 -0400 2017","updateAt":"1509350298530","dividend":"0.0","yield":"0.0","turnover_rate":"","instOwn":"0.0","rise_stop":"0.0","fall_stop":"0.0","currency_unit":"USD","amount":"0.0","net_assets":"5.14","hasexist":"","has_warrant":"0","type":"1","flag":"1","rest_day":"","amplitude":"","market_status":"交易中","lot_size":"1","min_order_quantity":"0","max_order_quantity":"0","tick_size":"0.0001","variable_tick_size":"0.0001 1 0.01","kzz_stock_symbol":"","kzz_stock_name":"","kzz_stock_current":"0.31","kzz_convert_price":"0.0","kzz_covert_value":"0.0","kzz_cpr":"0.0","kzz_putback_price":"0.0","kzz_convert_time":"","kzz_redempt_price":"0.0","kzz_straight_price":"0.0","kzz_stock_percent":"","pb":"0.06","benefit_before_tax":"0.0","benefit_after_tax":"0.0","convert_bond_ratio":"","totalissuescale":"","outstandingamt":"","maturitydate":"","remain_year":"","convertrate":"","interestrtmemo":"","release_date":"","circulation":"0.0","par_value":"0.0","due_time":"0.0","value_date":"","due_date":"","publisher":"","redeem_type":"F","issue_type":"","bond_type":"","warrant":"","sale_rrg":"","rate":"","after_hour_vol":"0","float_shares":"6209000","float_market_capital":"1986880.0","disnext_pay_date":"","convert_rate":"","volume_ratio":"0.0","percent5m":"0.0","pankou_ratio":"0.0%","dividend_pay_date":"Thu Apr 26 00:00:00 CST 2007","ex_dividend_date":"","moving_avg_200_day":"0.44","chg_from_200_day_moving_avg":"-0.12","pct_chg_from_200_day_moving_avg":"-0.27949999999999997","moving_avg_50_day":"0.37","chg_from_50_day_moving_avg":"-0.05","pct_chg_from_50_day_moving_avg":"-0.12990000000000002","shares_outstanding":"3.8274E7","ebitda":"2.319E7","short_ratio":"0.49","pe_estimate_next_year":"","peg_ratio":"0.0","eps_estimate_next_year":"","eps_estimate_next_quarter":"0.0","eps_estimate_current_quarter":"0.6","psr":"0.06","revenue":"1.9907E8","profit_margin":"-0.0"},"ATV":{"symbol":"ATV","exchange":"NYSE","code":"ATV","name":"橡果国际","current":"14.06","percentage":"0.0","change":"0.00","open":"0.0","high":"0.0","low":"0.0","close":"14.06","last_close":"14.06","high52week":"18.24","low52week":"5.99","volume":"0.0","lot_volume":"0.0","volumeAverage":"3920","marketCapital":"5.380137736E7","eps":"-1.62","pe_ttm":"","pe_lyr":"14.06","beta":"-1.5","totalShares":"3826556","time":"Fri Oct 27 12:20:53 -0400 2017","afterHours":"14.06","afterHoursPct":"0.0","afterHoursChg":"0.0","afterHoursTime":"Mon Oct 30 03:59:18 -0400 2017","updateAt":"1509350299374","dividend":"0.0","yield":"0.0","turnover_rate":"","instOwn":"0.0","rise_stop":"0.0","fall_stop":"0.0","currency_unit":"USD","amount":"0.0","net_assets":"26.303","hasexist":"","has_warrant":"0","type":"1","flag":"1","rest_day":"","amplitude":"","market_status":"交易中","lot_size":"1","min_order_quantity":"0","max_order_quantity":"0","tick_size":"0.01","variable_tick_size":"0.0001 1 0.01","kzz_stock_symbol":"","kzz_stock_name":"","kzz_stock_current":"14.06","kzz_convert_price":"0.0","kzz_covert_value":"0.0","kzz_cpr":"0.0","kzz_putback_price":"0.0","kzz_convert_time":"","kzz_redempt_price":"0.0","kzz_straight_price":"0.0","kzz_stock_percent":"","pb":"0.53","benefit_before_tax":"0.0","benefit_after_tax":"0.0","convert_bond_ratio":"","totalissuescale":"","outstandingamt":"","maturitydate":"","remain_year":"","convertrate":"","interestrtmemo":"","release_date":"","circulation":"0.0","par_value":"0.0","due_time":"0.0","value_date":"","due_date":"","publisher":"","redeem_type":"F","issue_type":"","bond_type":"","warrant":"","sale_rrg":"","rate":"","after_hour_vol":"0","float_shares":"","float_market_capital":"5978020.0","disnext_pay_date":"","convert_rate":"","volume_ratio":"0.0","percent5m":"0.0","pankou_ratio":"-59.95%","dividend_pay_date":"Wed Dec 15 00:00:00 CST 2010","ex_dividend_date":"Wed Nov 10 00:00:00 CST 2010","moving_avg_200_day":"12.5246","chg_from_200_day_moving_avg":"1.5338","pct_chg_from_200_day_moving_avg":"0.122463","moving_avg_50_day":"14.7792","chg_from_50_day_moving_avg":"-0.7208","pct_chg_from_50_day_moving_avg":"-0.048771","shares_outstanding":"3929000.0","ebitda":"-1.754E7","short_ratio":"0.43","pe_estimate_next_year":"","peg_ratio":"0.0","eps_estimate_next_year":"","eps_estimate_next_quarter":"0.0","eps_estimate_current_quarter":"0.0","psr":"2.2567","revenue":"2.429E7","profit_margin":"0.14719596541786745"},"ATAI":{"symbol":"ATAI","exchange":"NASDAQ","code":"ATAI","name":"ATA","current":"4.70","percentage":"0.0","change":"0.00","open":"4.7","high":"4.7","low":"4.7","close":"4.7","last_close":"4.7","high52week":"5.24","low52week":"2.96","volume":"1400.0","lot_volume":"1400.0","volumeAverage":"4865","marketCapital":"1.078781177E8","eps":"0.16","pe_ttm":"29.375","pe_lyr":"","beta":"1.16","totalShares":"22952791","time":"Mon Oct 30 09:33:04 -0400 2017","afterHours":"4.7","afterHoursPct":"0.0","afterHoursChg":"0.0","afterHoursTime":"Mon Oct 30 03:59:18 -0400 2017","updateAt":"1509350299276","dividend":"0.39","yield":"8.3","turnover_rate":"0.01%","instOwn":"6.0","rise_stop":"0.0","fall_stop":"0.0","currency_unit":"USD","amount":"0.0","net_assets":"2.13","hasexist":"","has_warrant":"0","type":"1","flag":"1","rest_day":"","amplitude":"","market_status":"交易中","lot_size":"1","min_order_quantity":"0","max_order_quantity":"0","tick_size":"0.01","variable_tick_size":"0.0001 1 0.01","kzz_stock_symbol":"","kzz_stock_name":"","kzz_stock_current":"4.7","kzz_convert_price":"0.0","kzz_covert_value":"0.0","kzz_cpr":"0.0","kzz_putback_price":"0.0","kzz_convert_time":"","kzz_redempt_price":"0.0","kzz_straight_price":"0.0","kzz_stock_percent":"","pb":"2.21","benefit_before_tax":"0.0","benefit_after_tax":"0.0","convert_bond_ratio":"","totalissuescale":"","outstandingamt":"","maturitydate":"","remain_year":"","convertrate":"","interestrtmemo":"","release_date":"","circulation":"0.0","par_value":"0.0","due_time":"0.0","value_date":"","due_date":"","publisher":"","redeem_type":"F","issue_type":"","bond_type":"","warrant":"","sale_rrg":"","rate":"","after_hour_vol":"1400","float_shares":"8201000","float_market_capital":"3.85447E7","disnext_pay_date":"","convert_rate":"","volume_ratio":"0.0","percent5m":"0.0","pankou_ratio":"0.0%","dividend_pay_date":"Thu Jun 15 00:00:00 CST 2017","ex_dividend_date":"Thu Jun 08 00:00:00 CST 2017","moving_avg_200_day":"4.4","chg_from_200_day_moving_avg":"0.3","pct_chg_from_200_day_moving_avg":"0.0676","moving_avg_50_day":"4.7","chg_from_50_day_moving_avg":"-0.0","pct_chg_from_50_day_moving_avg":"-1.0E-4","shares_outstanding":"2.2899E7","ebitda":"1.001E7","short_ratio":"0.37","pe_estimate_next_year":"","peg_ratio":"0.0","eps_estimate_next_year":"0.26","eps_estimate_next_quarter":"0.0","eps_estimate_current_quarter":"0.27","psr":"1.42","revenue":"7.343E7","profit_margin":"-0.046777202778156064"},"CHL":{"symbol":"CHL","exchange":"NYSE","code":"CHL","name":"中国移动","current":"50.62","percentage":"-0.04","change":"-0.02","open":"50.64","high":"50.65","low":"50.53","close":"50.62","last_close":"50.64","high52week":"58.83","low52week":"50.0","volume":"83530.0","lot_volume":"83530.0","volumeAverage":"1060929","marketCapital":"2.073756908E11","eps":"0.76","pe_ttm":"66.6316","pe_lyr":"12.6703","beta":"0.3","totalShares":"4095096000","time":"Mon Oct 30 10:31:44 -0400 2017","afterHours":"50.64","afterHoursPct":"0.0","afterHoursChg":"0.0","afterHoursTime":"Mon Oct 30 07:00:00 -0400 2017","updateAt":"1509350301727","dividend":"1.651","yield":"3.26","turnover_rate":"","instOwn":"1.93","rise_stop":"0.0","fall_stop":"0.0","currency_unit":"USD","amount":"4226618.0","net_assets":"38.08","hasexist":"","has_warrant":"0","type":"1","flag":"1","rest_day":"","amplitude":"0.24%","market_status":"交易中","lot_size":"1","min_order_quantity":"0","max_order_quantity":"0","tick_size":"0.01","variable_tick_size":"0.0001 1 0.01","kzz_stock_symbol":"","kzz_stock_name":"","kzz_stock_current":"50.71","kzz_convert_price":"0.0","kzz_covert_value":"0.0","kzz_cpr":"0.0","kzz_putback_price":"0.0","kzz_convert_time":"","kzz_redempt_price":"0.0","kzz_straight_price":"0.0","kzz_stock_percent":"","pb":"1.33","benefit_before_tax":"0.0","benefit_after_tax":"0.0","convert_bond_ratio":"","totalissuescale":"","outstandingamt":"","maturitydate":"","remain_year":"","convertrate":"","interestrtmemo":"","release_date":"","circulation":"0.0","par_value":"0.0","due_time":"0.0","value_date":"","due_date":"","publisher":"","redeem_type":"T","issue_type":"","bond_type":"","warrant":"","sale_rrg":"","rate":"","after_hour_vol":"83530","float_shares":"1116978000","float_market_capital":"5.656376592E10","disnext_pay_date":"","convert_rate":"","volume_ratio":"0.0","percent5m":"0.0","pankou_ratio":"-2.3%","dividend_pay_date":"Tue Oct 10 00:00:00 CST 2017","ex_dividend_date":"Tue Aug 29 00:00:00 CST 2017","moving_avg_200_day":"53.27","chg_from_200_day_moving_avg":"-2.63","pct_chg_from_200_day_moving_avg":"-0.049400000000000006","moving_avg_50_day":"51.02","chg_from_50_day_moving_avg":"-0.38","pct_chg_from_50_day_moving_avg":"-0.0074","shares_outstanding":"4.095096E9","ebitda":"4.135E10","short_ratio":"1.77","pe_estimate_next_year":"","peg_ratio":"0.0","eps_estimate_next_year":"","eps_estimate_next_quarter":"0.0","eps_estimate_current_quarter":"","psr":"1.85","revenue":"1.113E11","profit_margin":"0.152324325606469"},"BIDU":{"symbol":"BIDU","exchange":"NASDAQ","code":"BIDU","name":"百度","current":"239.13","percentage":"-0.1","change":"-0.25","open":"240.96","high":"244.55","low":"238.75","close":"239.13","last_close":"239.37","high52week":"274.97","low52week":"159.54","volume":"1330313.0","lot_volume":"1330313.0","volumeAverage":"2783570","marketCapital":"8.2907517852E10","eps":"8.01","pe_ttm":"29.8489","pe_lyr":"47.3475","beta":"1.98","totalShares":"346762800","time":"Mon Oct 30 10:31:43 -0400 2017","afterHours":"241.22","afterHoursPct":"0.77","afterHoursChg":"1.85","afterHoursTime":"Mon Oct 30 09:30:00 -0400 2017","updateAt":"1509350300121","dividend":"0.0","yield":"0.0","turnover_rate":"0.38%","instOwn":"63.76","rise_stop":"0.0","fall_stop":"0.0","currency_unit":"USD","amount":"3.2112611751E8","net_assets":"43.56","hasexist":"","has_warrant":"0","type":"1","flag":"1","rest_day":"","amplitude":"2.42%","market_status":"交易中","lot_size":"1","min_order_quantity":"0","max_order_quantity":"0","tick_size":"0.01","variable_tick_size":"0.0001 1 0.01","kzz_stock_symbol":"","kzz_stock_name":"","kzz_stock_current":"241.17","kzz_convert_price":"0.0","kzz_covert_value":"0.0","kzz_cpr":"0.0","kzz_putback_price":"0.0","kzz_convert_time":"","kzz_redempt_price":"0.0","kzz_straight_price":"0.0","kzz_stock_percent":"","pb":"5.5","benefit_before_tax":"0.0","benefit_after_tax":"0.0","convert_bond_ratio":"","totalissuescale":"","outstandingamt":"","maturitydate":"","remain_year":"","convertrate":"","interestrtmemo":"","release_date":"","circulation":"0.0","par_value":"0.0","due_time":"0.0","value_date":"","due_date":"","publisher":"","redeem_type":"T","issue_type":"","bond_type":"","warrant":"","sale_rrg":"","rate":"","after_hour_vol":"1330142","float_shares":"273110000","float_market_capital":"6.53743407E10","disnext_pay_date":"","convert_rate":"","volume_ratio":"0.0","percent5m":"-0.1","pankou_ratio":"92.68%","dividend_pay_date":"","ex_dividend_date":"","moving_avg_200_day":"209.13","chg_from_200_day_moving_avg":"30.24","pct_chg_from_200_day_moving_avg":"0.1446","moving_avg_50_day":"249.09","chg_from_50_day_moving_avg":"-9.72","pct_chg_from_50_day_moving_avg":"-0.039","shares_outstanding":"3.46762E8","ebitda":"3.25E9","short_ratio":"2.2","pe_estimate_next_year":"25.52","peg_ratio":"62.5","eps_estimate_next_year":"9.38","eps_estimate_next_quarter":"1.69","eps_estimate_current_quarter":"7.21","psr":"7.95","revenue":"1.137E10","profit_margin":"0.1674338944591029"},"AMCN":{"symbol":"AMCN","exchange":"NASDAQ","code":"AMCN","name":"航美传媒","current":"2.26","percentage":"3.2","change":"0.07","open":"2.23","high":"2.3","low":"2.2","close":"2.26","last_close":"2.19","high52week":"3.3","low52week":"1.35","volume":"46543.0","lot_volume":"46543.0","volumeAverage":"162412","marketCapital":"1.4056707772E8","eps":"2.32","pe_ttm":"0.9741","pe_lyr":"","beta":"0.54","totalShares":"62197822","time":"Mon Oct 30 10:31:24 -0400 2017","afterHours":"2.19","afterHoursPct":"0.0","afterHoursChg":"0.0","afterHoursTime":"Mon Oct 30 03:59:17 -0400 2017","updateAt":"1509350298636","dividend":"0.0","yield":"0.0","turnover_rate":"0.07%","instOwn":"8.0","rise_stop":"0.0","fall_stop":"0.0","currency_unit":"USD","amount":"105187.18","net_assets":"4.28","hasexist":"","has_warrant":"0","type":"1","flag":"1","rest_day":"","amplitude":"4.57%","market_status":"交易中","lot_size":"1","min_order_quantity":"0","max_order_quantity":"0","tick_size":"0.01","variable_tick_size":"0.0001 1 0.01","kzz_stock_symbol":"","kzz_stock_name":"","kzz_stock_current":"2.23","kzz_convert_price":"0.0","kzz_covert_value":"0.0","kzz_cpr":"0.0","kzz_putback_price":"0.0","kzz_convert_time":"","kzz_redempt_price":"0.0","kzz_straight_price":"0.0","kzz_stock_percent":"","pb":"0.51","benefit_before_tax":"0.0","benefit_after_tax":"0.0","convert_bond_ratio":"","totalissuescale":"","outstandingamt":"","maturitydate":"","remain_year":"","convertrate":"","interestrtmemo":"","release_date":"","circulation":"0.0","par_value":"0.0","due_time":"0.0","value_date":"","due_date":"","publisher":"","redeem_type":"F","issue_type":"","bond_type":"","warrant":"","sale_rrg":"","rate":"","after_hour_vol":"46543","float_shares":"29191000","float_market_capital":"6.392829E7","disnext_pay_date":"","convert_rate":"","volume_ratio":"0.0","percent5m":"0.0","pankou_ratio":"-71.43%","dividend_pay_date":"","ex_dividend_date":"","moving_avg_200_day":"2.35","chg_from_200_day_moving_avg":"-0.16","pct_chg_from_200_day_moving_avg":"-0.0694","moving_avg_50_day":"2.48","chg_from_50_day_moving_avg":"-0.29","pct_chg_from_50_day_moving_avg":"-0.11630000000000001","shares_outstanding":"6.2814E7","ebitda":"-7.602E7","short_ratio":"3.66","pe_estimate_next_year":"","peg_ratio":"0.0","eps_estimate_next_year":"0.24","eps_estimate_next_quarter":"0.0","eps_estimate_current_quarter":"-0.18","psr":"8.33","revenue":"1.651E7","profit_margin":"-3.994833434282253"},"BEDU":{"symbol":"BEDU","exchange":"NYSE","code":"BEDU","name":"博实乐教育","current":"23.68","percentage":"3.5","change":"0.80","open":"22.81","high":"23.71","low":"22.81","close":"23.68","last_close":"22.88","high52week":"28.18","low52week":"10.55","volume":"455345.0","lot_volume":"455345.0","volumeAverage":"464004","marketCapital":"2.7706175E9","eps":"0.0","pe_ttm":"","pe_lyr":"","beta":"0.0","totalShares":"117250000","time":"Mon Oct 30 10:31:41 -0400 2017","afterHours":"22.88","afterHoursPct":"0.0","afterHoursChg":"0.0","afterHoursTime":"Mon Oct 30 03:59:19 -0400 2017","updateAt":"1509350299955","dividend":"0.0","yield":"0.0","turnover_rate":"0.39%","instOwn":"0.0","rise_stop":"0.0","fall_stop":"0.0","currency_unit":"","amount":"1.05731109E7","net_assets":"1.96","hasexist":"","has_warrant":"0","type":"1","flag":"1","rest_day":"","amplitude":"3.93%","market_status":"交易中","lot_size":"1","min_order_quantity":"0","max_order_quantity":"0","tick_size":"0.01","variable_tick_size":"0.0001 1 0.01","kzz_stock_symbol":"","kzz_stock_name":"","kzz_stock_current":"22.85","kzz_convert_price":"0.0","kzz_covert_value":"0.0","kzz_cpr":"0.0","kzz_putback_price":"0.0","kzz_convert_time":"","kzz_redempt_price":"0.0","kzz_straight_price":"0.0","kzz_stock_percent":"","pb":"11.67","benefit_before_tax":"0.0","benefit_after_tax":"0.0","convert_bond_ratio":"","totalissuescale":"","outstandingamt":"","maturitydate":"","remain_year":"","convertrate":"","interestrtmemo":"","release_date":"","circulation":"0.0","par_value":"0.0","due_time":"0.0","value_date":"","due_date":"","publisher":"","redeem_type":"T","issue_type":"","bond_type":"","warrant":"","sale_rrg":"","rate":"","after_hour_vol":"455345","float_shares":"","float_market_capital":"2.5545842E8","disnext_pay_date":"","convert_rate":"","volume_ratio":"0.0","percent5m":"0.0","pankou_ratio":"0.0%","dividend_pay_date":"","ex_dividend_date":"","moving_avg_200_day":"17.32","chg_from_200_day_moving_avg":"5.56","pct_chg_from_200_day_moving_avg":"0.3208","moving_avg_50_day":"24.11","chg_from_50_day_moving_avg":"-1.23","pct_chg_from_50_day_moving_avg":"-0.051100000000000007","shares_outstanding":"1.02119E8","ebitda":"4.676E7","short_ratio":"0.03","pe_estimate_next_year":"49.74","peg_ratio":"36.4","eps_estimate_next_year":"0.46","eps_estimate_next_quarter":"0.2","eps_estimate_current_quarter":"0.26","psr":"11.81","revenue":"1.9477E8","profit_margin":"0.13107639780253633"},"CCRC":{"symbol":"CCRC","exchange":"NASDAQ","code":"CCRC","name":"泰盈科技","current":"12.53","percentage":"0.48","change":"0.06","open":"12.44","high":"12.85","low":"12.36","close":"12.53","last_close":"12.47","high52week":"22.0","low52week":"11.59","volume":"54787.0","lot_volume":"54787.0","volumeAverage":"171393","marketCapital":"2.285701E8","eps":"0.45","pe_ttm":"27.7111","pe_lyr":"27.7111","beta":"0.0","totalShares":"18330000","time":"Mon Oct 30 10:30:05 -0400 2017","afterHours":"12.47","afterHoursPct":"0.0","afterHoursChg":"0.0","afterHoursTime":"Mon Oct 30 03:59:20 -0400 2017","updateAt":"1509350301376","dividend":"0.0","yield":"0.0","turnover_rate":"0.30%","instOwn":"0.0","rise_stop":"0.0","fall_stop":"0.0","currency_unit":"USD","amount":"690316.2","net_assets":"1.55","hasexist":"","has_warrant":"0","type":"0","flag":"1","rest_day":"","amplitude":"3.93%","market_status":"交易中","lot_size":"1","min_order_quantity":"0","max_order_quantity":"0","tick_size":"0.01","variable_tick_size":"0.0001 1 0.01","kzz_stock_symbol":"","kzz_stock_name":"","kzz_stock_current":"12.44","kzz_convert_price":"0.0","kzz_covert_value":"0.0","kzz_cpr":"0.0","kzz_putback_price":"0.0","kzz_convert_time":"","kzz_redempt_price":"0.0","kzz_straight_price":"0.0","kzz_stock_percent":"","pb":"8.05","benefit_before_tax":"0.0","benefit_after_tax":"0.0","convert_bond_ratio":"","totalissuescale":"","outstandingamt":"","maturitydate":"","remain_year":"","convertrate":"","interestrtmemo":"","release_date":"","circulation":"0.0","par_value":"0.0","due_time":"0.0","value_date":"","due_date":"","publisher":"","redeem_type":"F","issue_type":"","bond_type":"","warrant":"","sale_rrg":"","rate":"","after_hour_vol":"54787","float_shares":"9993000","float_market_capital":"1.2461271E8","disnext_pay_date":"","convert_rate":"","volume_ratio":"0.0","percent5m":"-0.12","pankou_ratio":"0.0%","dividend_pay_date":"","ex_dividend_date":"","moving_avg_200_day":"15.19","chg_from_200_day_moving_avg":"-2.72","pct_chg_from_200_day_moving_avg":"-0.179","moving_avg_50_day":"15.02","chg_from_50_day_moving_avg":"-2.55","pct_chg_from_50_day_moving_avg":"-0.17","shares_outstanding":"1.8329E7","ebitda":"1.009E7","short_ratio":"0.33","pe_estimate_next_year":"","peg_ratio":"0.0","eps_estimate_next_year":"","eps_estimate_next_quarter":"0.0","eps_estimate_current_quarter":"","psr":"3.13","revenue":"7.273E7","profit_margin":"0.11340643475869655"},"CAAS":{"symbol":"CAAS","exchange":"NASDAQ","code":"CAAS","name":"中汽系统","current":"5.07","percentage":"0.1","change":"0.01","open":"5.03","high":"5.07","low":"5.03","close":"5.07","last_close":"5.06","high52week":"7.96","low52week":"3.72","volume":"11309.0","lot_volume":"11309.0","volumeAverage":"41796","marketCapital":"1.6285356633E8","eps":"0.73","pe_ttm":"6.9452","pe_lyr":"7.0806","beta":"2.19","totalShares":"32121019","time":"Mon Oct 30 09:45:01 -0400 2017","afterHours":"5.06","afterHoursPct":"0.0","afterHoursChg":"0.0","afterHoursTime":"Mon Oct 30 03:59:20 -0400 2017","updateAt":"1509350301022","dividend":"0.0","yield":"0.0","turnover_rate":"0.03%","instOwn":"3.64","rise_stop":"0.0","fall_stop":"0.0","currency_unit":"USD","amount":"56884.27","net_assets":"10.17","hasexist":"","has_warrant":"0","type":"1","flag":"1","rest_day":"","amplitude":"0.69%","market_status":"交易中","lot_size":"1","min_order_quantity":"0","max_order_quantity":"0","tick_size":"0.01","variable_tick_size":"0.0001 1 0.01","kzz_stock_symbol":"","kzz_stock_name":"","kzz_stock_current":"5.04","kzz_convert_price":"0.0","kzz_covert_value":"0.0","kzz_cpr":"0.0","kzz_putback_price":"0.0","kzz_convert_time":"","kzz_redempt_price":"0.0","kzz_straight_price":"0.0","kzz_stock_percent":"","pb":"0.5","benefit_before_tax":"0.0","benefit_after_tax":"0.0","convert_bond_ratio":"","totalissuescale":"","outstandingamt":"","maturitydate":"","remain_year":"","convertrate":"","interestrtmemo":"","release_date":"","circulation":"0.0","par_value":"0.0","due_time":"0.0","value_date":"","due_date":"","publisher":"","redeem_type":"F","issue_type":"0","bond_type":"","warrant":"","sale_rrg":"0","rate":"","after_hour_vol":"10109","float_shares":"11958000","float_market_capital":"6.050748E7","disnext_pay_date":"","convert_rate":"","volume_ratio":"0.0","percent5m":"-0.4","pankou_ratio":"90.11%","dividend_pay_date":"Mon Jul 28 00:00:00 CST 2014","ex_dividend_date":"Tue Jun 24 00:00:00 CST 2014","moving_avg_200_day":"5.01","chg_from_200_day_moving_avg":"0.05","pct_chg_from_200_day_moving_avg":"0.0102","moving_avg_50_day":"5.28","chg_from_50_day_moving_avg":"-0.22","pct_chg_from_50_day_moving_avg":"-0.042","shares_outstanding":"3.1644E7","ebitda":"4.116E7","short_ratio":"2.06","pe_estimate_next_year":"5.5","peg_ratio":"0.6","eps_estimate_next_year":"0.92","eps_estimate_next_quarter":"0.23","eps_estimate_current_quarter":"0.86","psr":"0.34","revenue":"4.8115E8","profit_margin":"0.05392929439883612"},"BSPM":{"symbol":"BSPM","exchange":"NASDAQ","code":"BSPM","name":"奥星制药","current":"1.45","percentage":"-7.64","change":"-0.12","open":"1.57","high":"1.59","low":"1.45","close":"1.45","last_close":"1.57","high52week":"4.3","low52week":"1.18","volume":"19817.0","lot_volume":"19817.0","volumeAverage":"178951","marketCapital":"3823915.35","eps":"-14.5","pe_ttm":"","pe_lyr":"","beta":"1.69","totalShares":"2637183","time":"Mon Oct 30 10:24:39 -0400 2017","afterHours":"1.57","afterHoursPct":"0.0","afterHoursChg":"0.0","afterHoursTime":"Mon Oct 30 03:59:19 -0400 2017","updateAt":"1509350300722","dividend":"0.0","yield":"0.0","turnover_rate":"0.75%","instOwn":"5.0","rise_stop":"0.0","fall_stop":"0.0","currency_unit":"USD","amount":"30914.52","net_assets":"13.72","hasexist":"","has_warrant":"0","type":"1","flag":"1","rest_day":"","amplitude":"8.92%","market_status":"交易中","lot_size":"1","min_order_quantity":"0","max_order_quantity":"0","tick_size":"0.01","variable_tick_size":"0.0001 1 0.01","kzz_stock_symbol":"","kzz_stock_name":"","kzz_stock_current":"1.57","kzz_convert_price":"0.0","kzz_covert_value":"0.0","kzz_cpr":"0.0","kzz_putback_price":"0.0","kzz_convert_time":"","kzz_redempt_price":"0.0","kzz_straight_price":"0.0","kzz_stock_percent":"","pb":"0.11","benefit_before_tax":"0.0","benefit_after_tax":"0.0","convert_bond_ratio":"","totalissuescale":"","outstandingamt":"","maturitydate":"","remain_year":"","convertrate":"","interestrtmemo":"","release_date":"","circulation":"0.0","par_value":"0.0","due_time":"0.0","value_date":"","due_date":"","publisher":"","redeem_type":"F","issue_type":"","bond_type":"","warrant":"","sale_rrg":"","rate":"","after_hour_vol":"19817","float_shares":"2220000","float_market_capital":"3485400.0","disnext_pay_date":"","convert_rate":"","volume_ratio":"0.0","percent5m":"0.0","pankou_ratio":"-68.06%","dividend_pay_date":"","ex_dividend_date":"","moving_avg_200_day":"1.56","chg_from_200_day_moving_avg":"0.01","pct_chg_from_200_day_moving_avg":"0.0092","moving_avg_50_day":"1.53","chg_from_50_day_moving_avg":"0.04","pct_chg_from_50_day_moving_avg":"0.0269","shares_outstanding":"2662000.0","ebitda":"-2760000.0","short_ratio":"14.46","pe_estimate_next_year":"","peg_ratio":"0.0","eps_estimate_next_year":"","eps_estimate_next_quarter":"0.0","eps_estimate_current_quarter":"0.6","psr":"2.74","revenue":"1580000.0","profit_margin":"-4.296265822784809"},"CHU":{"symbol":"CHU","exchange":"NYSE","code":"CHU","name":"中国联通","current":"14.25","percentage":"-0.97","change":"-0.14","open":"14.34","high":"14.35","low":"14.25","close":"14.25","last_close":"14.39","high52week":"16.55","low52week":"10.84","volume":"37513.0","lot_volume":"37513.0","volumeAverage":"303555","marketCapital":"3.4124590539E10","eps":"0.103","pe_ttm":"138.3495","pe_lyr":"362.698","beta":"0.71","totalShares":"2394708108","time":"Mon Oct 30 10:31:14 -0400 2017","afterHours":"14.39","afterHoursPct":"0.0","afterHoursChg":"0.0","afterHoursTime":"Mon Oct 30 07:01:35 -0400 2017","updateAt":"1509350301792","dividend":"0.235","yield":"1.62","turnover_rate":"","instOwn":"1.09","rise_stop":"0.0","fall_stop":"0.0","currency_unit":"USD","amount":"536811.03","net_assets":"14.71","hasexist":"","has_warrant":"0","type":"1","flag":"1","rest_day":"","amplitude":"0.69%","market_status":"交易中","lot_size":"1","min_order_quantity":"0","max_order_quantity":"0","tick_size":"0.01","variable_tick_size":"0.0001 1 0.01","kzz_stock_symbol":"","kzz_stock_name":"","kzz_stock_current":"14.32","kzz_convert_price":"0.0","kzz_covert_value":"0.0","kzz_cpr":"0.0","kzz_putback_price":"0.0","kzz_convert_time":"","kzz_redempt_price":"0.0","kzz_straight_price":"0.0","kzz_stock_percent":"","pb":"0.98","benefit_before_tax":"0.0","benefit_after_tax":"0.0","convert_bond_ratio":"","totalissuescale":"","outstandingamt":"","maturitydate":"","remain_year":"","convertrate":"","interestrtmemo":"","release_date":"","circulation":"0.0","par_value":"0.0","due_time":"0.0","value_date":"","due_date":"","publisher":"","redeem_type":"T","issue_type":"","bond_type":"","warrant":"","sale_rrg":"","rate":"","after_hour_vol":"37513","float_shares":"613977000","float_market_capital":"8.83512903E9","disnext_pay_date":"","convert_rate":"","volume_ratio":"0.0","percent5m":"0.0","pankou_ratio":"33.33%","dividend_pay_date":"Mon Jun 20 00:00:00 CST 2016","ex_dividend_date":"Fri May 13 00:00:00 CST 2016","moving_avg_200_day":"14.28","chg_from_200_day_moving_avg":"0.11","pct_chg_from_200_day_moving_avg":"0.0078000000000000005","moving_avg_50_day":"14.27","chg_from_50_day_moving_avg":"0.12","pct_chg_from_50_day_moving_avg":"0.0084","shares_outstanding":"2.3947E9","ebitda":"1.206E10","short_ratio":"3.92","pe_estimate_next_year":"","peg_ratio":"0.0","eps_estimate_next_year":"0.31","eps_estimate_next_quarter":"0.0","eps_estimate_current_quarter":"0.04","psr":"0.82","revenue":"4.166E10","profit_margin":"0.005748199711953912"},"BSTI":{"symbol":"BSTI","exchange":"NYSE","code":"BSTI","name":"百世物流","current":"11.14","percentage":"1.92","change":"0.21","open":"10.9","high":"11.3","low":"10.9","close":"11.14","last_close":"10.93","high52week":"13.25","low52week":"10.31","volume":"281370.0","lot_volume":"281370.0","volumeAverage":"3429827","marketCapital":"4.11066E9","eps":"0.0","pe_ttm":"","pe_lyr":"","beta":"0.0","totalShares":"369000000","time":"Mon Oct 30 10:30:32 -0400 2017","afterHours":"10.9","afterHoursPct":"-0.27","afterHoursChg":"-0.03","afterHoursTime":"Mon Oct 30 09:29:58 -0400 2017","updateAt":"1509350300735","dividend":"0.0","yield":"0.0","turnover_rate":"0.08%","instOwn":"0.0","rise_stop":"0.0","fall_stop":"0.0","currency_unit":"USD","amount":"3144731.81","net_assets":"0.0","hasexist":"","has_warrant":"0","type":"1","flag":"1","rest_day":"","amplitude":"3.66%","market_status":"交易中","lot_size":"1","min_order_quantity":"0","max_order_quantity":"0","tick_size":"0.01","variable_tick_size":"0.0001 1 0.01","kzz_stock_symbol":"","kzz_stock_name":"","kzz_stock_current":"10.94","kzz_convert_price":"0.0","kzz_covert_value":"0.0","kzz_cpr":"0.0","kzz_putback_price":"0.0","kzz_convert_time":"","kzz_redempt_price":"0.0","kzz_straight_price":"0.0","kzz_stock_percent":"","pb":"0.0","benefit_before_tax":"0.0","benefit_after_tax":"0.0","convert_bond_ratio":"","totalissuescale":"","outstandingamt":"","maturitydate":"","remain_year":"","convertrate":"","interestrtmemo":"","release_date":"","circulation":"0.0","par_value":"0.0","due_time":"0.0","value_date":"","due_date":"","publisher":"","redeem_type":"T","issue_type":"","bond_type":"","warrant":"","sale_rrg":"","rate":"","after_hour_vol":"281320","float_shares":"","float_market_capital":"0.0","disnext_pay_date":"","convert_rate":"","volume_ratio":"0.0","percent5m":"0.0","pankou_ratio":"0.0%","dividend_pay_date":"","ex_dividend_date":"","moving_avg_200_day":"11.29","chg_from_200_day_moving_avg":"-0.36","pct_chg_from_200_day_moving_avg":"-0.0323","moving_avg_50_day":"11.29","chg_from_50_day_moving_avg":"-0.36","pct_chg_from_50_day_moving_avg":"-0.0323","shares_outstanding":"2.27168E8","ebitda":"0.0","short_ratio":"0.0","pe_estimate_next_year":"","peg_ratio":"0.0","eps_estimate_next_year":"-0.03","eps_estimate_next_quarter":"0.0","eps_estimate_current_quarter":"-0.64","psr":"","revenue":"","profit_margin":""},"CLWT":{"symbol":"CLWT","exchange":"NASDAQ","code":"CLWT","name":"欧陆科仪","current":"3.90","percentage":"1.3","change":"0.05","open":"3.9","high":"3.9","low":"3.9","close":"3.9","last_close":"3.9","high52week":"4.5","low52week":"2.36","volume":"200.0","lot_volume":"200.0","volumeAverage":"3943","marketCapital":"8041400.0","eps":"-0.3","pe_ttm":"35.4546","pe_lyr":"35.4545","beta":"0.96","totalShares":"2062000","time":"Mon Oct 30 09:30:01 -0400 2017","afterHours":"3.9","afterHoursPct":"0.0","afterHoursChg":"0.0","afterHoursTime":"Mon Oct 30 03:59:21 -0400 2017","updateAt":"1509350302041","dividend":"0.0","yield":"0.0","turnover_rate":"","instOwn":"2.0","rise_stop":"0.0","fall_stop":"0.0","currency_unit":"USD","amount":"780.0","net_assets":"7.49","hasexist":"","has_warrant":"0","type":"0","flag":"1","rest_day":"","amplitude":"","market_status":"交易中","lot_size":"1","min_order_quantity":"0","max_order_quantity":"0","tick_size":"0.05","variable_tick_size":"0.05","kzz_stock_symbol":"","kzz_stock_name":"","kzz_stock_current":"3.9","kzz_convert_price":"0.0","kzz_covert_value":"0.0","kzz_cpr":"0.0","kzz_putback_price":"0.0","kzz_convert_time":"","kzz_redempt_price":"0.0","kzz_straight_price":"0.0","kzz_stock_percent":"","pb":"0.52","benefit_before_tax":"0.0","benefit_after_tax":"0.0","convert_bond_ratio":"","totalissuescale":"","outstandingamt":"","maturitydate":"","remain_year":"","convertrate":"","interestrtmemo":"","release_date":"","circulation":"0.0","par_value":"0.0","due_time":"0.0","value_date":"","due_date":"","publisher":"","redeem_type":"F","issue_type":"0","bond_type":"","warrant":"","sale_rrg":"1","rate":"","after_hour_vol":"100","float_shares":"913000","float_market_capital":"3560700.0","disnext_pay_date":"","convert_rate":"","volume_ratio":"0.0","percent5m":"0.0","pankou_ratio":"-80.68%","dividend_pay_date":"","ex_dividend_date":"","moving_avg_200_day":"3.31","chg_from_200_day_moving_avg":"0.59","pct_chg_from_200_day_moving_avg":"0.1776","moving_avg_50_day":"3.46","chg_from_50_day_moving_avg":"0.44","pct_chg_from_50_day_moving_avg":"0.1283","shares_outstanding":"2061000.0","ebitda":"-596000.0","short_ratio":"0.22","pe_estimate_next_year":"","peg_ratio":"0.0","eps_estimate_next_year":"","eps_estimate_next_quarter":"0.0","eps_estimate_current_quarter":"","psr":"0.35","revenue":"2.248E7","profit_margin":"0.010084964412811388"},"ABAC":{"symbol":"ABAC","exchange":"NASDAQ","code":"ABAC","name":"奥信天力","current":"3.32","percentage":"-6.04","change":"-0.21","open":"3.3","high":"3.39","low":"3.3","close":"3.32","last_close":"3.53","high52week":"4.76","low52week":"1.6","volume":"1313.0","lot_volume":"1313.0","volumeAverage":"18512","marketCapital":"2.65209734E7","eps":"0.003","pe_ttm":"1106.6667","pe_lyr":"","beta":"2.14","totalShares":"7988245","time":"Mon Oct 30 10:12:12 -0400 2017","afterHours":"3.53","afterHoursPct":"0.0","afterHoursChg":"0.0","afterHoursTime":"Mon Oct 30 03:59:16 -0400 2017","updateAt":"1509350297750","dividend":"0.0","yield":"0.0","turnover_rate":"0.02%","instOwn":"1.0","rise_stop":"0.0","fall_stop":"0.0","currency_unit":"USD","amount":"4373.08","net_assets":"10.808","hasexist":"","has_warrant":"0","type":"0","flag":"1","rest_day":"","amplitude":"2.55%","market_status":"交易中","lot_size":"1","min_order_quantity":"0","max_order_quantity":"0","tick_size":"0.01","variable_tick_size":"0.0001 1 0.01","kzz_stock_symbol":"","kzz_stock_name":"","kzz_stock_current":"3.3","kzz_convert_price":"0.0","kzz_covert_value":"0.0","kzz_cpr":"0.0","kzz_putback_price":"0.0","kzz_convert_time":"","kzz_redempt_price":"0.0","kzz_straight_price":"0.0","kzz_stock_percent":"","pb":"0.33","benefit_before_tax":"0.0","benefit_after_tax":"0.0","convert_bond_ratio":"","totalissuescale":"","outstandingamt":"","maturitydate":"","remain_year":"","convertrate":"","interestrtmemo":"","release_date":"","circulation":"0.0","par_value":"0.0","due_time":"0.0","value_date":"","due_date":"","publisher":"","redeem_type":"F","issue_type":"","bond_type":"","warrant":"","sale_rrg":"","rate":"","after_hour_vol":"1303","float_shares":"4055000","float_market_capital":"1.431415E7","disnext_pay_date":"","convert_rate":"","volume_ratio":"0.0","percent5m":"0.0","pankou_ratio":"75.67%","dividend_pay_date":"","ex_dividend_date":"","moving_avg_200_day":"2.2894","chg_from_200_day_moving_avg":"1.244","pct_chg_from_200_day_moving_avg":"0.543354","moving_avg_50_day":"2.8319","chg_from_50_day_moving_avg":"0.7015","pct_chg_from_50_day_moving_avg":"0.247696","shares_outstanding":"7983000.0","ebitda":"3700000.0","short_ratio":"1.0","pe_estimate_next_year":"","peg_ratio":"0.0","eps_estimate_next_year":"","eps_estimate_next_quarter":"0.0","eps_estimate_current_quarter":"","psr":"0.9718","revenue":"2.793E7","profit_margin":"-0.08003007518796992"},"CEA":{"symbol":"CEA","exchange":"NYSE","code":"CEA","name":"东方航空","current":"25.84","percentage":"-0.51","change":"-0.13","open":"26.0","high":"26.0","low":"25.84","close":"25.84","last_close":"25.97","high52week":"30.9","low52week":"21.38","volume":"859.0","lot_volume":"859.0","volumeAverage":"11600","marketCapital":"7.47684826392E9","eps":"4.05","pe_ttm":"45.5667","pe_lyr":"10.4555","beta":"1.23","totalShares":"289351713","time":"Mon Oct 30 10:02:04 -0400 2017","afterHours":"25.97","afterHoursPct":"0.0","afterHoursChg":"0.0","afterHoursTime":"Mon Oct 30 03:59:20 -0400 2017","updateAt":"1509350301461","dividend":"0.662","yield":"2.55","turnover_rate":"","instOwn":"0.4","rise_stop":"0.0","fall_stop":"0.0","currency_unit":"USD","amount":"22308.23","net_assets":"27.35","hasexist":"","has_warrant":"0","type":"1","flag":"1","rest_day":"","amplitude":"0.62%","market_status":"交易中","lot_size":"1","min_order_quantity":"0","max_order_quantity":"0","tick_size":"0.01","variable_tick_size":"0.0001 1 0.01","kzz_stock_symbol":"","kzz_stock_name":"","kzz_stock_current":"25.89","kzz_convert_price":"0.0","kzz_covert_value":"0.0","kzz_cpr":"0.0","kzz_putback_price":"0.0","kzz_convert_time":"","kzz_redempt_price":"0.0","kzz_straight_price":"0.0","kzz_stock_percent":"","pb":"0.95","benefit_before_tax":"0.0","benefit_after_tax":"0.0","convert_bond_ratio":"","totalissuescale":"","outstandingamt":"","maturitydate":"","remain_year":"","convertrate":"","interestrtmemo":"","release_date":"","circulation":"0.0","par_value":"0.0","due_time":"0.0","value_date":"","due_date":"","publisher":"","redeem_type":"T","issue_type":"","bond_type":"","warrant":"","sale_rrg":"","rate":"","after_hour_vol":"551","float_shares":"90271000","float_market_capital":"2.34433787E9","disnext_pay_date":"","convert_rate":"","volume_ratio":"0.0","percent5m":"0.0","pankou_ratio":"0.0%","dividend_pay_date":"Mon Aug 21 00:00:00 CST 2017","ex_dividend_date":"Thu Jun 29 00:00:00 CST 2017","moving_avg_200_day":"27.596","chg_from_200_day_moving_avg":"-1.623","pct_chg_from_200_day_moving_avg":"-0.05882","moving_avg_50_day":"25.679","chg_from_50_day_moving_avg":"0.294","pct_chg_from_50_day_moving_avg":"0.01145","shares_outstanding":"2.8934E8","ebitda":"2.86E9","short_ratio":"2.42","pe_estimate_next_year":"","peg_ratio":"0.0","eps_estimate_next_year":"0.04","eps_estimate_next_quarter":"0.0","eps_estimate_current_quarter":"0.08","psr":"0.477","revenue":"1.535E10","profit_margin":"0.05560605863192183"},"BABA":{"symbol":"BABA","exchange":"NYSE","code":"BABA","name":"阿里巴巴","current":"179.59","percentage":"1.95","change":"3.44","open":"178.43","high":"180.75","low":"177.59","close":"179.59","last_close":"176.15","high52week":"184.7","low52week":"86.01","volume":"7776203.0","lot_volume":"7776203.0","volumeAverage":"16038731","marketCapital":"4.601113161E11","eps":"3.3","pe_ttm":"54.4394","pe_lyr":"69.9822","beta":"2.6","totalShares":"2561154000","time":"Mon Oct 30 10:31:46 -0400 2017","afterHours":"178.42","afterHoursPct":"1.29","afterHoursChg":"2.27","afterHoursTime":"Mon Oct 30 09:30:00 -0400 2017","updateAt":"1509350299618","dividend":"0.0","yield":"0.0","turnover_rate":"0.30%","instOwn":"23.0","rise_stop":"0.0","fall_stop":"0.0","currency_unit":"USD","amount":"1.39443883102E9","net_assets":"17.98","hasexist":"","has_warrant":"0","type":"1","flag":"1","rest_day":"","amplitude":"1.79%","market_status":"交易中","lot_size":"1","min_order_quantity":"0","max_order_quantity":"0","tick_size":"0.01","variable_tick_size":"0.0001 1 0.01","kzz_stock_symbol":"","kzz_stock_name":"","kzz_stock_current":"178.5","kzz_convert_price":"0.0","kzz_covert_value":"0.0","kzz_cpr":"0.0","kzz_putback_price":"0.0","kzz_convert_time":"","kzz_redempt_price":"0.0","kzz_straight_price":"0.0","kzz_stock_percent":"","pb":"9.8","benefit_before_tax":"0.0","benefit_after_tax":"0.0","convert_bond_ratio":"","totalissuescale":"","outstandingamt":"","maturitydate":"","remain_year":"","convertrate":"","interestrtmemo":"","release_date":"","circulation":"0.0","par_value":"0.0","due_time":"0.0","value_date":"","due_date":"","publisher":"","redeem_type":"T","issue_type":"","bond_type":"","warrant":"","sale_rrg":"","rate":"","after_hour_vol":"7775526","float_shares":"1581593000","float_market_capital":"2.7859760695E11","disnext_pay_date":"","convert_rate":"","volume_ratio":"0.0","percent5m":"0.0","pankou_ratio":"0.0%","dividend_pay_date":"","ex_dividend_date":"","moving_avg_200_day":"149.23","chg_from_200_day_moving_avg":"26.92","pct_chg_from_200_day_moving_avg":"0.1804","moving_avg_50_day":"176.29","chg_from_50_day_moving_avg":"-0.14","pct_chg_from_50_day_moving_avg":"-8.0E-4","shares_outstanding":"2.543E9","ebitda":"1.117E10","short_ratio":"9.89","pe_estimate_next_year":"26.81","peg_ratio":"47.39","eps_estimate_next_year":"6.57","eps_estimate_next_quarter":"1.66","eps_estimate_current_quarter":"4.91","psr":"16.05","revenue":"2.699E10","profit_margin":"0.28360244535012963"},"BGNE":{"symbol":"BGNE","exchange":"NASDAQ","code":"BGNE","name":"百济神州","current":"85.82","percentage":"4.21","change":"3.47","open":"81.0","high":"86.99","low":"81.0","close":"85.82","last_close":"82.35","high52week":"118.95","low52week":"26.43","volume":"57764.0","lot_volume":"57764.0","volumeAverage":"324426","marketCapital":"3.33146820664E9","eps":"0.0","pe_ttm":"","pe_lyr":"","beta":"0.0","totalShares":"38819252","time":"Mon Oct 30 10:27:07 -0400 2017","afterHours":"82.35","afterHoursPct":"0.0","afterHoursChg":"0.0","afterHoursTime":"Mon Oct 30 03:59:19 -0400 2017","updateAt":"1509350300060","dividend":"0.0","yield":"0.0","turnover_rate":"0.15%","instOwn":"0.0","rise_stop":"0.0","fall_stop":"0.0","currency_unit":"USD","amount":"4908259.07","net_assets":"6.42","hasexist":"","has_warrant":"0","type":"1","flag":"1","rest_day":"","amplitude":"7.27%","market_status":"交易中","lot_size":"1","min_order_quantity":"0","max_order_quantity":"0","tick_size":"0.01","variable_tick_size":"0.0001 1 0.01","kzz_stock_symbol":"","kzz_stock_name":"","kzz_stock_current":"81.0","kzz_convert_price":"0.0","kzz_covert_value":"0.0","kzz_cpr":"0.0","kzz_putback_price":"0.0","kzz_convert_time":"","kzz_redempt_price":"0.0","kzz_straight_price":"0.0","kzz_stock_percent":"","pb":"12.83","benefit_before_tax":"0.0","benefit_after_tax":"0.0","convert_bond_ratio":"","totalissuescale":"","outstandingamt":"","maturitydate":"","remain_year":"","convertrate":"","interestrtmemo":"","release_date":"","circulation":"0.0","par_value":"0.0","due_time":"0.0","value_date":"","due_date":"","publisher":"","redeem_type":"F","issue_type":"","bond_type":"","warrant":"","sale_rrg":"","rate":"","after_hour_vol":"57760","float_shares":"11817000","float_market_capital":"9.7312995E8","disnext_pay_date":"","convert_rate":"","volume_ratio":"0.0","percent5m":"0.03","pankou_ratio":"78.4%","dividend_pay_date":"","ex_dividend_date":"","moving_avg_200_day":"90.75","chg_from_200_day_moving_avg":"-8.4","pct_chg_from_200_day_moving_avg":"-0.0926","moving_avg_50_day":"90.75","chg_from_50_day_moving_avg":"-8.4","pct_chg_from_50_day_moving_avg":"-0.0926","shares_outstanding":"3.982E7","ebitda":"-1.7928E8","short_ratio":"3.93","pe_estimate_next_year":"","peg_ratio":"0.0","eps_estimate_next_year":"-4.99","eps_estimate_next_quarter":"0.16","eps_estimate_current_quarter":"-3.9","psr":"","revenue":"","profit_margin":"-422.5203562340967"},"CEO":{"symbol":"CEO","exchange":"NYSE","code":"CEO","name":"中海油","current":"134.70","percentage":"2.9","change":"3.79","open":"133.17","high":"134.83","low":"133.02","close":"134.7","last_close":"130.91","high52week":"136.61","low52week":"108.05","volume":"88524.0","lot_volume":"88524.0","volumeAverage":"127084","marketCapital":"5.84479846E10","eps":"0.21","pe_ttm":"623.381","pe_lyr":"869.622","beta":"0.76","totalShares":"446474600","time":"Mon Oct 30 10:31:02 -0400 2017","afterHours":"133.17","afterHoursPct":"1.73","afterHoursChg":"2.26","afterHoursTime":"Mon Oct 30 09:30:00 -0400 2017","updateAt":"1509350301526","dividend":"4.917","yield":"3.76","turnover_rate":"0.02%","instOwn":"1.38","rise_stop":"0.0","fall_stop":"0.0","currency_unit":"USD","amount":"1.190939929E7","net_assets":"132.0","hasexist":"","has_warrant":"0","type":"1","flag":"1","rest_day":"","amplitude":"1.38%","market_status":"交易中","lot_size":"1","min_order_quantity":"0","max_order_quantity":"0","tick_size":"0.01","variable_tick_size":"0.0001 1 0.01","kzz_stock_symbol":"","kzz_stock_name":"","kzz_stock_current":"133.02","kzz_convert_price":"0.0","kzz_covert_value":"0.0","kzz_cpr":"0.0","kzz_putback_price":"0.0","kzz_convert_time":"","kzz_redempt_price":"0.0","kzz_straight_price":"0.0","kzz_stock_percent":"","pb":"0.99","benefit_before_tax":"0.0","benefit_after_tax":"0.0","convert_bond_ratio":"","totalissuescale":"","outstandingamt":"","maturitydate":"","remain_year":"","convertrate":"","interestrtmemo":"","release_date":"","circulation":"0.0","par_value":"0.0","due_time":"0.0","value_date":"","due_date":"","publisher":"","redeem_type":"T","issue_type":"","bond_type":"","warrant":"","sale_rrg":"","rate":"","after_hour_vol":"88414","float_shares":"158735000","float_market_capital":"2.077999885E10","disnext_pay_date":"","convert_rate":"","volume_ratio":"0.0","percent5m":"0.31","pankou_ratio":"-17.01%","dividend_pay_date":"Thu Oct 19 00:00:00 CST 2017","ex_dividend_date":"Wed Sep 06 00:00:00 CST 2017","moving_avg_200_day":"117.0","chg_from_200_day_moving_avg":"13.91","pct_chg_from_200_day_moving_avg":"0.1189","moving_avg_50_day":"125.97","chg_from_50_day_moving_avg":"4.94","pct_chg_from_50_day_moving_avg":"0.0392","shares_outstanding":"4.46474E8","ebitda":"1.441E10","short_ratio":"2.0","pe_estimate_next_year":"","peg_ratio":"0.0","eps_estimate_next_year":"10.49","eps_estimate_next_quarter":"0.0","eps_estimate_current_quarter":"-0.05","psr":"2.2","revenue":"2.627E10","profit_margin":"0.14106334982870197"},"CIFS":{"symbol":"CIFS","exchange":"NASDAQ","code":"CIFS","name":"圣盈信","current":"38.85","percentage":"-3.22","change":"-1.29","open":"40.15","high":"40.64","low":"38.5","close":"38.85","last_close":"40.14","high52week":"41.88","low52week":"10.81","volume":"127693.0","lot_volume":"127693.0","volumeAverage":"245938","marketCapital":"89355.0","eps":"0.0","pe_ttm":"","pe_lyr":"66.9","beta":"0.0","totalShares":"2300","time":"Mon Oct 30 10:31:36 -0400 2017","afterHours":"39.31","afterHoursPct":"-2.07","afterHoursChg":"-0.83","afterHoursTime":"Mon Oct 30 09:24:39 -0400 2017","updateAt":"1509350301831","dividend":"0.0","yield":"0.0","turnover_rate":"5551.87%","instOwn":"0.0","rise_stop":"0.0","fall_stop":"0.0","currency_unit":"USD","amount":"5084735.26","net_assets":"0.0","hasexist":"","has_warrant":"0","type":"0","flag":"1","rest_day":"","amplitude":"5.33%","market_status":"交易中","lot_size":"1","min_order_quantity":"0","max_order_quantity":"0","tick_size":"0.01","variable_tick_size":"0.0001 1 0.01","kzz_stock_symbol":"","kzz_stock_name":"","kzz_stock_current":"40.15","kzz_convert_price":"0.0","kzz_covert_value":"0.0","kzz_cpr":"0.0","kzz_putback_price":"0.0","kzz_convert_time":"","kzz_redempt_price":"0.0","kzz_straight_price":"0.0","kzz_stock_percent":"","pb":"0.0","benefit_before_tax":"0.0","benefit_after_tax":"0.0","convert_bond_ratio":"","totalissuescale":"","outstandingamt":"","maturitydate":"","remain_year":"","convertrate":"","interestrtmemo":"","release_date":"","circulation":"0.0","par_value":"0.0","due_time":"0.0","value_date":"","due_date":"","publisher":"","redeem_type":"F","issue_type":"","bond_type":"","warrant":"","sale_rrg":"","rate":"","after_hour_vol":"127693","float_shares":"","float_market_capital":"0.0","disnext_pay_date":"","convert_rate":"","volume_ratio":"0.0","percent5m":"0.0","pankou_ratio":"15.97%","dividend_pay_date":"","ex_dividend_date":"","moving_avg_200_day":"18.22","chg_from_200_day_moving_avg":"21.92","pct_chg_from_200_day_moving_avg":"1.2026000000000001","moving_avg_50_day":"21.75","chg_from_50_day_moving_avg":"18.39","pct_chg_from_50_day_moving_avg":"0.8456","shares_outstanding":"","ebitda":"0.0","short_ratio":"0.0","pe_estimate_next_year":"","peg_ratio":"0.0","eps_estimate_next_year":"","eps_estimate_next_quarter":"0.0","eps_estimate_current_quarter":"","psr":"","revenue":"","profit_margin":""},"CPHI":{"symbol":"CPHI","exchange":"AMEX","code":"CPHI","name":"惠普森医药","current":"0.1715","percentage":"1.0","change":"0.0017","open":"0.175","high":"0.175","low":"0.165","close":"0.1715","last_close":"0.1698","high52week":"0.35","low52week":"0.1451","volume":"16911.0","lot_volume":"16911.0","volumeAverage":"189227","marketCapital":"7473894.03","eps":"-0.46","pe_ttm":"","pe_lyr":"","beta":"2.01","totalShares":"43579557","time":"Mon Oct 30 10:00:51 -0400 2017","afterHours":"0.17","afterHoursPct":"0.0","afterHoursChg":"0.0","afterHoursTime":"Mon Oct 30 03:59:21 -0400 2017","updateAt":"1509350302432","dividend":"0.0","yield":"0.0","turnover_rate":"0.04%","instOwn":"9.61","rise_stop":"0.0","fall_stop":"0.0","currency_unit":"USD","amount":"710.45","net_assets":"1.311","hasexist":"","has_warrant":"0","type":"1","flag":"1","rest_day":"","amplitude":"5.89%","market_status":"交易中","lot_size":"1","min_order_quantity":"0","max_order_quantity":"0","tick_size":"0.0001","variable_tick_size":"0.0001 1 0.01","kzz_stock_symbol":"","kzz_stock_name":"","kzz_stock_current":"0.17","kzz_convert_price":"0.0","kzz_covert_value":"0.0","kzz_cpr":"0.0","kzz_putback_price":"0.0","kzz_convert_time":"","kzz_redempt_price":"0.0","kzz_straight_price":"0.0","kzz_stock_percent":"","pb":"0.13","benefit_before_tax":"0.0","benefit_after_tax":"0.0","convert_bond_ratio":"","totalissuescale":"","outstandingamt":"","maturitydate":"","remain_year":"","convertrate":"","interestrtmemo":"","release_date":"","circulation":"0.0","par_value":"0.0","due_time":"0.0","value_date":"","due_date":"","publisher":"","redeem_type":"F","issue_type":"","bond_type":"","warrant":"","sale_rrg":"","rate":"","after_hour_vol":"0","float_shares":"21937000","float_market_capital":"3724902.6","disnext_pay_date":"","convert_rate":"","volume_ratio":"0.0","percent5m":"-3.37","pankou_ratio":"97.65%","dividend_pay_date":"","ex_dividend_date":"","moving_avg_200_day":"0.2044","chg_from_200_day_moving_avg":"-0.0346","pct_chg_from_200_day_moving_avg":"-0.169394","moving_avg_50_day":"0.1767","chg_from_50_day_moving_avg":"-0.0069","pct_chg_from_50_day_moving_avg":"-0.03887","shares_outstanding":"4.3579E7","ebitda":"-450807.0","short_ratio":"0.71","pe_estimate_next_year":"","peg_ratio":"0.0","eps_estimate_next_year":"","eps_estimate_next_quarter":"0.0","eps_estimate_current_quarter":"0.42","psr":"0.4958","revenue":"1.459E7","profit_margin":"-0.576473406442769"},"CLDC":{"symbol":"CLDC","exchange":"NASDAQ","code":"CLDC","name":"中国贷款公司","current":"4.06","percentage":"-1.49","change":"-0.06","open":"4.06","high":"4.06","low":"4.06","close":"4.06","last_close":"4.12","high52week":"8.3","low52week":"2.0","volume":"681.0","lot_volume":"681.0","volumeAverage":"10869","marketCapital":"9.78863E7","eps":"0.79","pe_ttm":"5.2152","pe_lyr":"5.2152","beta":"0.0","totalShares":"23759000","time":"Mon Oct 30 09:53:01 -0400 2017","afterHours":"4.12","afterHoursPct":"0.0","afterHoursChg":"0.0","afterHoursTime":"Mon Oct 30 03:59:21 -0400 2017","updateAt":"1509350301944","dividend":"0.365","yield":"8.87","turnover_rate":"","instOwn":"0.0","rise_stop":"0.0","fall_stop":"0.0","currency_unit":"USD","amount":"2724.0","net_assets":"4.99","hasexist":"","has_warrant":"0","type":"0","flag":"1","rest_day":"","amplitude":"","market_status":"交易中","lot_size":"1","min_order_quantity":"0","max_order_quantity":"0","tick_size":"0.01","variable_tick_size":"0.0001 1 0.01","kzz_stock_symbol":"","kzz_stock_name":"","kzz_stock_current":"4.06","kzz_convert_price":"0.0","kzz_covert_value":"0.0","kzz_cpr":"0.0","kzz_putback_price":"0.0","kzz_convert_time":"","kzz_redempt_price":"0.0","kzz_straight_price":"0.0","kzz_stock_percent":"","pb":"0.83","benefit_before_tax":"0.0","benefit_after_tax":"0.0","convert_bond_ratio":"","totalissuescale":"","outstandingamt":"","maturitydate":"","remain_year":"","convertrate":"","interestrtmemo":"","release_date":"","circulation":"0.0","par_value":"0.0","due_time":"0.0","value_date":"","due_date":"","publisher":"","redeem_type":"F","issue_type":"","bond_type":"","warrant":"","sale_rrg":"","rate":"","after_hour_vol":"681","float_shares":"9627000","float_market_capital":"3.966324E7","disnext_pay_date":"","convert_rate":"","volume_ratio":"0.0","percent5m":"0.0","pankou_ratio":"96.79%","dividend_pay_date":"Mon Apr 24 00:00:00 CST 2017","ex_dividend_date":"Tue Sep 06 00:00:00 CST 2016","moving_avg_200_day":"4.29","chg_from_200_day_moving_avg":"-0.17","pct_chg_from_200_day_moving_avg":"-0.04019999999999999","moving_avg_50_day":"3.59","chg_from_50_day_moving_avg":"0.53","pct_chg_from_50_day_moving_avg":"0.1477","shares_outstanding":"2.3758E7","ebitda":"0.0","short_ratio":"0.72","pe_estimate_next_year":"","peg_ratio":"0.0","eps_estimate_next_year":"","eps_estimate_next_quarter":"0.0","eps_estimate_current_quarter":"","psr":"3.75","revenue":"2.396E7","profit_margin":"0.7635083472454091"},"CADC":{"symbol":"CADC","exchange":"NASDAQ","code":"CADC","name":"新奥混凝土","current":"1.75","percentage":"2.86","change":"0.05","open":"1.8","high":"1.8","low":"1.8","close":"1.75","last_close":"1.75","high52week":"3.8","low52week":"1.5","volume":"175.0","lot_volume":"175.0","volumeAverage":"6189","marketCapital":"4178448.75","eps":"-4.88","pe_ttm":"","pe_lyr":"","beta":"0.23","totalShares":"2387685","time":"Mon Oct 30 09:30:01 -0400 2017","afterHours":"1.75","afterHoursPct":"0.0","afterHoursChg":"0.0","afterHoursTime":"Mon Oct 30 03:59:20 -0400 2017","updateAt":"1509350301057","dividend":"0.0","yield":"0.0","turnover_rate":"0.01%","instOwn":"1.0","rise_stop":"0.0","fall_stop":"0.0","currency_unit":"USD","amount":"302.75","net_assets":"4.67","hasexist":"","has_warrant":"0","type":"1","flag":"1","rest_day":"","amplitude":"","market_status":"交易中","lot_size":"1","min_order_quantity":"0","max_order_quantity":"0","tick_size":"0.05","variable_tick_size":"0.05","kzz_stock_symbol":"","kzz_stock_name":"","kzz_stock_current":"1.8","kzz_convert_price":"0.0","kzz_covert_value":"0.0","kzz_cpr":"0.0","kzz_putback_price":"0.0","kzz_convert_time":"","kzz_redempt_price":"0.0","kzz_straight_price":"0.0","kzz_stock_percent":"","pb":"0.37","benefit_before_tax":"0.0","benefit_after_tax":"0.0","convert_bond_ratio":"","totalissuescale":"","outstandingamt":"","maturitydate":"","remain_year":"","convertrate":"","interestrtmemo":"","release_date":"","circulation":"0.0","par_value":"0.0","due_time":"0.0","value_date":"","due_date":"","publisher":"","redeem_type":"F","issue_type":"0","bond_type":"","warrant":"","sale_rrg":"1","rate":"","after_hour_vol":"175","float_shares":"1458000","float_market_capital":"2551500.0","disnext_pay_date":"","convert_rate":"","volume_ratio":"0.0","percent5m":"-2.0","pankou_ratio":"-5.26%","dividend_pay_date":"","ex_dividend_date":"","moving_avg_200_day":"2.15","chg_from_200_day_moving_avg":"-0.4","pct_chg_from_200_day_moving_avg":"-0.18739999999999998","moving_avg_50_day":"1.83","chg_from_50_day_moving_avg":"-0.08","pct_chg_from_50_day_moving_avg":"-0.0433","shares_outstanding":"2387000.0","ebitda":"-7590000.0","short_ratio":"0.6","pe_estimate_next_year":"","peg_ratio":"0.0","eps_estimate_next_year":"","eps_estimate_next_quarter":"0.0","eps_estimate_current_quarter":"0.79","psr":"0.1","revenue":"4.505E7","profit_margin":"-0.2283678135405105"},"CALI":{"symbol":"CALI","exchange":"NASDAQ","code":"CALI","name":"中国汽车物流","current":"2.40","percentage":"-1.23","change":"-0.03","open":"2.48","high":"2.5","low":"2.21","close":"2.4","last_close":"2.4","high52week":"4.69","low52week":"1.3","volume":"32377.0","lot_volume":"32377.0","volumeAverage":"54521","marketCapital":"9682560.0","eps":"1.03","pe_ttm":"2.3301","pe_lyr":"2.4242","beta":"2.08","totalShares":"4034400","time":"Mon Oct 30 10:25:59 -0400 2017","afterHours":"2.45","afterHoursPct":"2.08","afterHoursChg":"0.05","afterHoursTime":"Mon Oct 30 09:20:27 -0400 2017","updateAt":"1509350301098","dividend":"0.0","yield":"0.0","turnover_rate":"0.80%","instOwn":"1.0","rise_stop":"0.0","fall_stop":"0.0","currency_unit":"USD","amount":"76409.72","net_assets":"5.89","hasexist":"","has_warrant":"0","type":"1","flag":"1","rest_day":"","amplitude":"12.08%","market_status":"交易中","lot_size":"1","min_order_quantity":"0","max_order_quantity":"0","tick_size":"0.01","variable_tick_size":"0.0001 1 0.01","kzz_stock_symbol":"","kzz_stock_name":"","kzz_stock_current":"2.33","kzz_convert_price":"0.0","kzz_covert_value":"0.0","kzz_cpr":"0.0","kzz_putback_price":"0.0","kzz_convert_time":"","kzz_redempt_price":"0.0","kzz_straight_price":"0.0","kzz_stock_percent":"","pb":"0.41","benefit_before_tax":"0.0","benefit_after_tax":"0.0","convert_bond_ratio":"","totalissuescale":"","outstandingamt":"","maturitydate":"","remain_year":"","convertrate":"","interestrtmemo":"","release_date":"","circulation":"0.0","par_value":"0.0","due_time":"0.0","value_date":"","due_date":"","publisher":"","redeem_type":"F","issue_type":"","bond_type":"","warrant":"","sale_rrg":"","rate":"","after_hour_vol":"32377","float_shares":"1580000","float_market_capital":"3792000.0","disnext_pay_date":"","convert_rate":"","volume_ratio":"0.0","percent5m":"-0.82","pankou_ratio":"-60.0%","dividend_pay_date":"","ex_dividend_date":"","moving_avg_200_day":"2.27","chg_from_200_day_moving_avg":"0.13","pct_chg_from_200_day_moving_avg":"0.0587","moving_avg_50_day":"2.28","chg_from_50_day_moving_avg":"0.12","pct_chg_from_50_day_moving_avg":"0.0512","shares_outstanding":"4034000.0","ebitda":"-219476.0","short_ratio":"3.77","pe_estimate_next_year":"","peg_ratio":"0.0","eps_estimate_next_year":"","eps_estimate_next_quarter":"0.0","eps_estimate_current_quarter":"","psr":"0.02","revenue":"4.8547E8","profit_margin":"-0.0012464209940882033"},"CNET":{"symbol":"CNET","exchange":"NASDAQ","code":"CNET","name":"中网在线","current":"1.18","percentage":"-2.1","change":"-0.03","open":"1.2","high":"1.2","low":"1.17","close":"1.18","last_close":"1.21","high52week":"1.99","low52week":"0.9","volume":"2353.0","lot_volume":"2353.0","volumeAverage":"185716","marketCapital":"1.434678102E7","eps":"-0.68","pe_ttm":"","pe_lyr":"","beta":"-1.34","totalShares":"12158289","time":"Mon Oct 30 09:53:19 -0400 2017","afterHours":"1.21","afterHoursPct":"0.0","afterHoursChg":"0.0","afterHoursTime":"Mon Oct 30 03:59:21 -0400 2017","updateAt":"1509350302178","dividend":"0.0","yield":"0.0","turnover_rate":"0.02%","instOwn":"0.0","rise_stop":"0.0","fall_stop":"0.0","currency_unit":"USD","amount":"2917.72","net_assets":"1.73","hasexist":"","has_warrant":"0","type":"1","flag":"1","rest_day":"","amplitude":"2.47%","market_status":"交易中","lot_size":"1","min_order_quantity":"0","max_order_quantity":"0","tick_size":"0.01","variable_tick_size":"0.0001 1 0.01","kzz_stock_symbol":"","kzz_stock_name":"","kzz_stock_current":"1.18","kzz_convert_price":"0.0","kzz_covert_value":"0.0","kzz_cpr":"0.0","kzz_putback_price":"0.0","kzz_convert_time":"","kzz_redempt_price":"0.0","kzz_straight_price":"0.0","kzz_stock_percent":"","pb":"0.7","benefit_before_tax":"0.0","benefit_after_tax":"0.0","convert_bond_ratio":"","totalissuescale":"","outstandingamt":"","maturitydate":"","remain_year":"","convertrate":"","interestrtmemo":"","release_date":"","circulation":"0.0","par_value":"0.0","due_time":"0.0","value_date":"","due_date":"","publisher":"","redeem_type":"F","issue_type":"","bond_type":"","warrant":"","sale_rrg":"","rate":"","after_hour_vol":"2353","float_shares":"7598000","float_market_capital":"9193580.0","disnext_pay_date":"","convert_rate":"","volume_ratio":"0.0","percent5m":"0.0","pankou_ratio":"24.53%","dividend_pay_date":"","ex_dividend_date":"","moving_avg_200_day":"1.16","chg_from_200_day_moving_avg":"0.05","pct_chg_from_200_day_moving_avg":"0.044500000000000005","moving_avg_50_day":"1.13","chg_from_50_day_moving_avg":"0.08","pct_chg_from_50_day_moving_avg":"0.0753","shares_outstanding":"1.234E7","ebitda":"-3550000.0","short_ratio":"8.53","pe_estimate_next_year":"","peg_ratio":"0.0","eps_estimate_next_year":"","eps_estimate_next_quarter":"0.0","eps_estimate_current_quarter":"","psr":"0.38","revenue":"3.902E7","profit_margin":"-0.15496155817529472"},"CNIT":{"symbol":"CNIT","exchange":"NASDAQ","code":"CNIT","name":"中国信息技术","current":"1.31","percentage":"0.5","change":"0.01","open":"1.31","high":"1.32","low":"1.3","close":"1.31","last_close":"1.3","high52week":"1.38","low52week":"0.57","volume":"6631.0","lot_volume":"6631.0","volumeAverage":"189177","marketCapital":"5.23005E7","eps":"-0.45","pe_ttm":"","pe_lyr":"","beta":"2.21","totalShares":"40231000","time":"Mon Oct 30 10:11:52 -0400 2017","afterHours":"1.3","afterHoursPct":"0.0","afterHoursChg":"0.0","afterHoursTime":"Mon Oct 30 03:59:21 -0400 2017","updateAt":"1509350302191","dividend":"0.0","yield":"0.0","turnover_rate":"0.01%","instOwn":"17.0","rise_stop":"0.0","fall_stop":"0.0","currency_unit":"USD","amount":"8620.3","net_assets":"0.1","hasexist":"","has_warrant":"0","type":"1","flag":"1","rest_day":"","amplitude":"1.54%","market_status":"交易中","lot_size":"1","min_order_quantity":"0","max_order_quantity":"0","tick_size":"0.01","variable_tick_size":"0.0001 1 0.01","kzz_stock_symbol":"","kzz_stock_name":"","kzz_stock_current":"1.3","kzz_convert_price":"0.0","kzz_covert_value":"0.0","kzz_cpr":"0.0","kzz_putback_price":"0.0","kzz_convert_time":"","kzz_redempt_price":"0.0","kzz_straight_price":"0.0","kzz_stock_percent":"","pb":"13.0","benefit_before_tax":"0.0","benefit_after_tax":"0.0","convert_bond_ratio":"","totalissuescale":"","outstandingamt":"","maturitydate":"","remain_year":"","convertrate":"","interestrtmemo":"","release_date":"","circulation":"0.0","par_value":"0.0","due_time":"0.0","value_date":"","due_date":"","publisher":"","redeem_type":"F","issue_type":"","bond_type":"","warrant":"","sale_rrg":"","rate":"","after_hour_vol":"5548","float_shares":"22385000","float_market_capital":"2.91005E7","disnext_pay_date":"","convert_rate":"","volume_ratio":"0.0","percent5m":"0.0","pankou_ratio":"75.0%","dividend_pay_date":"","ex_dividend_date":"","moving_avg_200_day":"0.99","chg_from_200_day_moving_avg":"0.31","pct_chg_from_200_day_moving_avg":"0.3086","moving_avg_50_day":"1.22","chg_from_50_day_moving_avg":"0.08","pct_chg_from_50_day_moving_avg":"0.068","shares_outstanding":"4.0231E7","ebitda":"-4720000.0","short_ratio":"2.84","pe_estimate_next_year":"","peg_ratio":"0.0","eps_estimate_next_year":"","eps_estimate_next_quarter":"0.0","eps_estimate_current_quarter":"0.55","psr":"4.03","revenue":"1.297E7","profit_margin":"-0.8685181187355437"},"CMCM":{"symbol":"CMCM","exchange":"NYSE","code":"CMCM","name":"猎豹移动","current":"8.85","percentage":"-2.35","change":"-0.21","open":"9.08","high":"9.18","low":"8.65","close":"8.85","last_close":"9.06","high52week":"13.79","low52week":"7.54","volume":"445580.0","lot_volume":"445580.0","volumeAverage":"1036326","marketCapital":"1.271152935E9","eps":"0.22","pe_ttm":"40.2273","pe_lyr":"","beta":"3.0","totalShares":"143633100","time":"Mon Oct 30 10:31:30 -0400 2017","afterHours":"9.03","afterHoursPct":"-0.33","afterHoursChg":"-0.03","afterHoursTime":"Mon Oct 30 09:30:00 -0400 2017","updateAt":"1509350302060","dividend":"0.0","yield":"0.0","turnover_rate":"0.31%","instOwn":"8.0","rise_stop":"0.0","fall_stop":"0.0","currency_unit":"USD","amount":"3956750.4","net_assets":"3.51","hasexist":"","has_warrant":"0","type":"1","flag":"1","rest_day":"","amplitude":"5.85%","market_status":"交易中","lot_size":"1","min_order_quantity":"0","max_order_quantity":"0","tick_size":"0.01","variable_tick_size":"0.0001 1 0.01","kzz_stock_symbol":"","kzz_stock_name":"","kzz_stock_current":"9.08","kzz_convert_price":"0.0","kzz_covert_value":"0.0","kzz_cpr":"0.0","kzz_putback_price":"0.0","kzz_convert_time":"","kzz_redempt_price":"0.0","kzz_straight_price":"0.0","kzz_stock_percent":"","pb":"2.58","benefit_before_tax":"0.0","benefit_after_tax":"0.0","convert_bond_ratio":"","totalissuescale":"","outstandingamt":"","maturitydate":"","remain_year":"","convertrate":"","interestrtmemo":"","release_date":"","circulation":"0.0","par_value":"0.0","due_time":"0.0","value_date":"","due_date":"","publisher":"","redeem_type":"T","issue_type":"","bond_type":"","warrant":"","sale_rrg":"","rate":"","after_hour_vol":"445580","float_shares":"29032000","float_market_capital":"2.6302992E8","disnext_pay_date":"","convert_rate":"","volume_ratio":"0.0","percent5m":"-0.77","pankou_ratio":"33.33%","dividend_pay_date":"","ex_dividend_date":"","moving_avg_200_day":"10.31","chg_from_200_day_moving_avg":"-1.25","pct_chg_from_200_day_moving_avg":"-0.12119999999999999","moving_avg_50_day":"8.76","chg_from_50_day_moving_avg":"0.3","pct_chg_from_50_day_moving_avg":"0.0345","shares_outstanding":"1.39255E8","ebitda":"4.489E7","short_ratio":"15.53","pe_estimate_next_year":"15.89","peg_ratio":"17.67","eps_estimate_next_year":"0.57","eps_estimate_next_quarter":"0.12","eps_estimate_current_quarter":"0.42","psr":"1.53","revenue":"7.342E8","profit_margin":"0.04552056660310542"},"CREG":{"symbol":"CREG","exchange":"NASDAQ","code":"CREG","name":"中国循环能源","current":"1.21","percentage":"-1.63","change":"-0.02","open":"1.21","high":"1.21","low":"1.21","close":"1.21","last_close":"1.21","high52week":"1.96","low52week":"0.95","volume":"429.0","lot_volume":"429.0","volumeAverage":"34342","marketCapital":"1.005533958E7","eps":"0.63","pe_ttm":"1.9206","pe_lyr":"5.0277","beta":"3.3","totalShares":"8310198","time":"Mon Oct 30 09:30:02 -0400 2017","afterHours":"1.21","afterHoursPct":"0.0","afterHoursChg":"0.0","afterHoursTime":"Mon Oct 30 03:59:21 -0400 2017","updateAt":"1509350302532","dividend":"0.0","yield":"0.0","turnover_rate":"","instOwn":"33.98","rise_stop":"0.0","fall_stop":"0.0","currency_unit":"USD","amount":"519.09","net_assets":"24.9","hasexist":"","has_warrant":"0","type":"1","flag":"1","rest_day":"","amplitude":"","market_status":"交易中","lot_size":"1","min_order_quantity":"0","max_order_quantity":"0","tick_size":"0.01","variable_tick_size":"0.0001 1 0.01","kzz_stock_symbol":"","kzz_stock_name":"","kzz_stock_current":"1.21","kzz_convert_price":"0.0","kzz_covert_value":"0.0","kzz_cpr":"0.0","kzz_putback_price":"0.0","kzz_convert_time":"","kzz_redempt_price":"0.0","kzz_straight_price":"0.0","kzz_stock_percent":"","pb":"0.05","benefit_before_tax":"0.0","benefit_after_tax":"0.0","convert_bond_ratio":"","totalissuescale":"","outstandingamt":"","maturitydate":"","remain_year":"","convertrate":"","interestrtmemo":"","release_date":"","circulation":"0.0","par_value":"0.0","due_time":"0.0","value_date":"","due_date":"","publisher":"","redeem_type":"F","issue_type":"","bond_type":"","warrant":"","sale_rrg":"","rate":"","after_hour_vol":"404","float_shares":"4084000","float_market_capital":"4941640.0","disnext_pay_date":"","convert_rate":"","volume_ratio":"0.0","percent5m":"0.0","pankou_ratio":"-99.45%","dividend_pay_date":"","ex_dividend_date":"","moving_avg_200_day":"1.32","chg_from_200_day_moving_avg":"-0.11","pct_chg_from_200_day_moving_avg":"-0.0861","moving_avg_50_day":"1.12","chg_from_50_day_moving_avg":"0.09","pct_chg_from_50_day_moving_avg":"0.07769999999999999","shares_outstanding":"8310000.0","ebitda":"-1050000.0","short_ratio":"0.83","pe_estimate_next_year":"","peg_ratio":"0.0","eps_estimate_next_year":"","eps_estimate_next_quarter":"0.0","eps_estimate_current_quarter":"0.39","psr":"","revenue":"","profit_margin":"275.12415349887135"},"CCCR":{"symbol":"CCCR","exchange":"NASDAQ","code":"CCCR","name":"鲈乡农村小额贷款","current":"3.14","percentage":"-1.33","change":"-0.04","open":"3.13","high":"3.22","low":"3.1","close":"3.14","last_close":"3.16","high52week":"4.0","low52week":"0.89","volume":"37737.0","lot_volume":"37737.0","volumeAverage":"204668","marketCapital":"5.6577776E7","eps":"-4.72","pe_ttm":"","pe_lyr":"","beta":"-0.95","totalShares":"18018400","time":"Mon Oct 30 10:31:12 -0400 2017","afterHours":"3.16","afterHoursPct":"0.0","afterHoursChg":"0.0","afterHoursTime":"Mon Oct 30 03:59:20 -0400 2017","updateAt":"1509350301326","dividend":"0.0","yield":"0.0","turnover_rate":"0.21%","instOwn":"1.0","rise_stop":"0.0","fall_stop":"0.0","currency_unit":"USD","amount":"118116.81","net_assets":"-0.03","hasexist":"","has_warrant":"0","type":"1","flag":"1","rest_day":"","amplitude":"3.80%","market_status":"交易中","lot_size":"1","min_order_quantity":"0","max_order_quantity":"0","tick_size":"0.01","variable_tick_size":"0.0001 1 0.01","kzz_stock_symbol":"","kzz_stock_name":"","kzz_stock_current":"3.13","kzz_convert_price":"0.0","kzz_covert_value":"0.0","kzz_cpr":"0.0","kzz_putback_price":"0.0","kzz_convert_time":"","kzz_redempt_price":"0.0","kzz_straight_price":"0.0","kzz_stock_percent":"","pb":"-105.33","benefit_before_tax":"0.0","benefit_after_tax":"0.0","convert_bond_ratio":"","totalissuescale":"","outstandingamt":"","maturitydate":"","remain_year":"","convertrate":"","interestrtmemo":"","release_date":"","circulation":"0.0","par_value":"0.0","due_time":"0.0","value_date":"","due_date":"","publisher":"","redeem_type":"F","issue_type":"","bond_type":"","warrant":"","sale_rrg":"","rate":"","after_hour_vol":"37737","float_shares":"13532000","float_market_capital":"4.276112E7","disnext_pay_date":"","convert_rate":"","volume_ratio":"0.0","percent5m":"0.0","pankou_ratio":"80.95%","dividend_pay_date":"","ex_dividend_date":"","moving_avg_200_day":"2.67","chg_from_200_day_moving_avg":"0.49","pct_chg_from_200_day_moving_avg":"0.18530000000000002","moving_avg_50_day":"2.94","chg_from_50_day_moving_avg":"0.22","pct_chg_from_50_day_moving_avg":"0.0766","shares_outstanding":"1.8018E7","ebitda":"0.0","short_ratio":"2.33","pe_estimate_next_year":"","peg_ratio":"0.0","eps_estimate_next_year":"","eps_estimate_next_quarter":"0.0","eps_estimate_current_quarter":"","psr":"","revenue":"","profit_margin":"-3.975770491803279"},"BCACU":{"symbol":"BCACU","exchange":"NASDAQ","code":"BCACU","name":"贝森资本","current":"10.33","percentage":"0.0","change":"0.00","open":"0.0","high":"0.0","low":"0.0","close":"10.33","last_close":"10.33","high52week":"10.38","low52week":"10.05","volume":"0.0","lot_volume":"0.0","volumeAverage":"2488","marketCapital":"7.15979E7","eps":"0.0","pe_ttm":"","pe_lyr":"","beta":"0.0","totalShares":"6951000","time":"Thu Oct 26 11:18:14 -0400 2017","afterHours":"10.33","afterHoursPct":"0.0","afterHoursChg":"0.0","afterHoursTime":"Mon Oct 30 03:59:18 -0400 2017","updateAt":"1509350299816","dividend":"0.0","yield":"0.0","turnover_rate":"","instOwn":"0.0","rise_stop":"0.0","fall_stop":"0.0","currency_unit":"","amount":"0.0","net_assets":"0.0","hasexist":"","has_warrant":"0","type":"1","flag":"1","rest_day":"","amplitude":"","market_status":"交易中","lot_size":"1","min_order_quantity":"0","max_order_quantity":"0","tick_size":"0.01","variable_tick_size":"0.0001 1 0.01","kzz_stock_symbol":"","kzz_stock_name":"","kzz_stock_current":"10.26","kzz_convert_price":"0.0","kzz_covert_value":"0.0","kzz_cpr":"0.0","kzz_putback_price":"0.0","kzz_convert_time":"","kzz_redempt_price":"0.0","kzz_straight_price":"0.0","kzz_stock_percent":"","pb":"0.0","benefit_before_tax":"0.0","benefit_after_tax":"0.0","convert_bond_ratio":"","totalissuescale":"","outstandingamt":"","maturitydate":"","remain_year":"","convertrate":"","interestrtmemo":"","release_date":"","circulation":"0.0","par_value":"0.0","due_time":"0.0","value_date":"","due_date":"","publisher":"","redeem_type":"F","issue_type":"","bond_type":"","warrant":"","sale_rrg":"","rate":"","after_hour_vol":"0","float_shares":"","float_market_capital":"0.0","disnext_pay_date":"","convert_rate":"","volume_ratio":"0.0","percent5m":"0.0","pankou_ratio":"63.7%","dividend_pay_date":"","ex_dividend_date":"","moving_avg_200_day":"0.0","chg_from_200_day_moving_avg":"10.33","pct_chg_from_200_day_moving_avg":"","moving_avg_50_day":"0.0","chg_from_50_day_moving_avg":"10.33","pct_chg_from_50_day_moving_avg":"","shares_outstanding":"","ebitda":"0.0","short_ratio":"0.0","pe_estimate_next_year":"","peg_ratio":"0.0","eps_estimate_next_year":"","eps_estimate_next_quarter":"0.0","eps_estimate_current_quarter":"","psr":"","revenue":"","profit_margin":""},"BORN":{"symbol":"BORN","exchange":"NYSE","code":"BORN","name":"中国博润","current":"1.34","percentage":"0.01","change":"0.00","open":"1.35","high":"1.36","low":"1.34","close":"1.34","last_close":"1.34","high52week":"1.74","low52week":"0.97","volume":"13421.0","lot_volume":"13421.0","volumeAverage":"53220","marketCapital":"3.44715E7","eps":"0.53","pe_ttm":"2.5283","pe_lyr":"3.578","beta":"1.53","totalShares":"25725000","time":"Mon Oct 30 10:22:28 -0400 2017","afterHours":"1.34","afterHoursPct":"0.0","afterHoursChg":"0.0","afterHoursTime":"Mon Oct 30 03:59:19 -0400 2017","updateAt":"1509350300481","dividend":"0.0","yield":"0.0","turnover_rate":"0.05%","instOwn":"2.0","rise_stop":"0.0","fall_stop":"0.0","currency_unit":"USD","amount":"18252.56","net_assets":"11.49","hasexist":"","has_warrant":"0","type":"1","flag":"1","rest_day":"","amplitude":"1.49%","market_status":"交易中","lot_size":"1","min_order_quantity":"0","max_order_quantity":"0","tick_size":"0.01","variable_tick_size":"0.0001 1 0.01","kzz_stock_symbol":"","kzz_stock_name":"","kzz_stock_current":"1.36","kzz_convert_price":"0.0","kzz_covert_value":"0.0","kzz_cpr":"0.0","kzz_putback_price":"0.0","kzz_convert_time":"","kzz_redempt_price":"0.0","kzz_straight_price":"0.0","kzz_stock_percent":"","pb":"0.12","benefit_before_tax":"0.0","benefit_after_tax":"0.0","convert_bond_ratio":"","totalissuescale":"","outstandingamt":"","maturitydate":"","remain_year":"","convertrate":"","interestrtmemo":"","release_date":"","circulation":"0.0","par_value":"0.0","due_time":"0.0","value_date":"","due_date":"","publisher":"","redeem_type":"F","issue_type":"","bond_type":"","warrant":"","sale_rrg":"","rate":"","after_hour_vol":"13421","float_shares":"11427000","float_market_capital":"1.531218E7","disnext_pay_date":"","convert_rate":"","volume_ratio":"0.0","percent5m":"0.0","pankou_ratio":"-98.02%","dividend_pay_date":"","ex_dividend_date":"","moving_avg_200_day":"1.28","chg_from_200_day_moving_avg":"0.06","pct_chg_from_200_day_moving_avg":"0.0447","moving_avg_50_day":"1.3","chg_from_50_day_moving_avg":"0.04","pct_chg_from_50_day_moving_avg":"0.0286","shares_outstanding":"2.5725E7","ebitda":"4.353E7","short_ratio":"15.07","pe_estimate_next_year":"","peg_ratio":"0.0","eps_estimate_next_year":"1.53","eps_estimate_next_quarter":"0.0","eps_estimate_current_quarter":"1.52","psr":"0.1","revenue":"3.3481E8","profit_margin":"0.0391856575371106"},"CBAK":{"symbol":"CBAK","exchange":"NASDAQ","code":"CBAK","name":"比克电池","current":"1.70","percentage":"0.0","change":"0.00","open":"1.65","high":"1.75","low":"1.65","close":"1.7","last_close":"1.7","high52week":"2.35","low52week":"1.2","volume":"20817.0","lot_volume":"20817.0","volumeAverage":"161674","marketCapital":"4.45796E7","eps":"-0.53","pe_ttm":"","pe_lyr":"","beta":"3.25","totalShares":"26223000","time":"Mon Oct 30 10:22:04 -0400 2017","afterHours":"1.7","afterHoursPct":"0.0","afterHoursChg":"0.0","afterHoursTime":"Mon Oct 30 03:59:20 -0400 2017","updateAt":"1509350301201","dividend":"0.0","yield":"0.0","turnover_rate":"0.08%","instOwn":"0.96","rise_stop":"0.0","fall_stop":"0.0","currency_unit":"USD","amount":"35561.68","net_assets":"0.66","hasexist":"","has_warrant":"0","type":"1","flag":"1","rest_day":"","amplitude":"5.88%","market_status":"交易中","lot_size":"1","min_order_quantity":"0","max_order_quantity":"0","tick_size":"0.05","variable_tick_size":"0.05","kzz_stock_symbol":"","kzz_stock_name":"","kzz_stock_current":"1.65","kzz_convert_price":"0.0","kzz_covert_value":"0.0","kzz_cpr":"0.0","kzz_putback_price":"0.0","kzz_convert_time":"","kzz_redempt_price":"0.0","kzz_straight_price":"0.0","kzz_stock_percent":"","pb":"2.58","benefit_before_tax":"0.0","benefit_after_tax":"0.0","convert_bond_ratio":"","totalissuescale":"","outstandingamt":"","maturitydate":"","remain_year":"","convertrate":"","interestrtmemo":"","release_date":"","circulation":"0.0","par_value":"0.0","due_time":"0.0","value_date":"","due_date":"","publisher":"","redeem_type":"F","issue_type":"0","bond_type":"","warrant":"","sale_rrg":"1","rate":"","after_hour_vol":"20602","float_shares":"22304000","float_market_capital":"3.79168E7","disnext_pay_date":"","convert_rate":"","volume_ratio":"0.0","percent5m":"0.0","pankou_ratio":"-98.01%","dividend_pay_date":"","ex_dividend_date":"","moving_avg_200_day":"1.46","chg_from_200_day_moving_avg":"0.24","pct_chg_from_200_day_moving_avg":"0.1641","moving_avg_50_day":"1.7","chg_from_50_day_moving_avg":"-0.0","pct_chg_from_50_day_moving_avg":"-0.002","shares_outstanding":"2.6223E7","ebitda":"-9180000.0","short_ratio":"9.17","pe_estimate_next_year":"","peg_ratio":"0.0","eps_estimate_next_year":"","eps_estimate_next_quarter":"0.0","eps_estimate_current_quarter":"-0.37","psr":"2.29","revenue":"1.95E7","profit_margin":"-0.6320415384615384"},"CCCL":{"symbol":"CCCL","exchange":"NASDAQ","code":"CCCL","name":"中国陶瓷","current":"1.43","percentage":"0.0","change":"0.00","open":"1.43","high":"1.43","low":"1.43","close":"1.43","last_close":"1.43","high52week":"3.23","low52week":"1.26","volume":"1.0","lot_volume":"1.0","volumeAverage":"32449","marketCapital":"3907369.18","eps":"-0.37","pe_ttm":"","pe_lyr":"","beta":"1.61","totalShares":"2732426","time":"Mon Oct 30 09:30:02 -0400 2017","afterHours":"1.43","afterHoursPct":"0.0","afterHoursChg":"0.0","afterHoursTime":"Mon Oct 30 03:59:20 -0400 2017","updateAt":"1509350301323","dividend":"0.19","yield":"13.38","turnover_rate":"","instOwn":"13.0","rise_stop":"0.0","fall_stop":"0.0","currency_unit":"USD","amount":"1.43","net_assets":"36.99","hasexist":"","has_warrant":"0","type":"1","flag":"1","rest_day":"","amplitude":"","market_status":"交易中","lot_size":"1","min_order_quantity":"0","max_order_quantity":"0","tick_size":"0.01","variable_tick_size":"0.0001 1 0.01","kzz_stock_symbol":"","kzz_stock_name":"","kzz_stock_current":"1.43","kzz_convert_price":"0.0","kzz_covert_value":"0.0","kzz_cpr":"0.0","kzz_putback_price":"0.0","kzz_convert_time":"","kzz_redempt_price":"0.0","kzz_straight_price":"0.0","kzz_stock_percent":"","pb":"0.04","benefit_before_tax":"0.0","benefit_after_tax":"0.0","convert_bond_ratio":"","totalissuescale":"","outstandingamt":"","maturitydate":"","remain_year":"","convertrate":"","interestrtmemo":"","release_date":"","circulation":"0.0","par_value":"0.0","due_time":"0.0","value_date":"","due_date":"","publisher":"","redeem_type":"F","issue_type":"","bond_type":"","warrant":"","sale_rrg":"","rate":"","after_hour_vol":"1","float_shares":"1990000","float_market_capital":"2845700.0","disnext_pay_date":"","convert_rate":"","volume_ratio":"0.0","percent5m":"0.0","pankou_ratio":"-40.85%","dividend_pay_date":"Wed Jan 14 00:00:00 CST 2015","ex_dividend_date":"Wed Dec 10 00:00:00 CST 2014","moving_avg_200_day":"1.49","chg_from_200_day_moving_avg":"-0.06","pct_chg_from_200_day_moving_avg":"-0.04019999999999999","moving_avg_50_day":"1.46","chg_from_50_day_moving_avg":"-0.03","pct_chg_from_50_day_moving_avg":"-0.023700000000000002","shares_outstanding":"3190000.0","ebitda":"-1.759E7","short_ratio":"7.37","pe_estimate_next_year":"","peg_ratio":"0.0","eps_estimate_next_year":"2.97","eps_estimate_next_quarter":"0.0","eps_estimate_current_quarter":"2.49","psr":"0.04","revenue":"1.2089E8","profit_margin":"-0.5127115559599636"},"COE":{"symbol":"COE","exchange":"NYSE","code":"COE","name":"51Talk","current":"12.83","percentage":"-1.05","change":"-0.14","open":"13.05","high":"13.05","low":"12.75","close":"12.83","last_close":"12.97","high52week":"22.36","low52week":"12.45","volume":"2400.0","lot_volume":"2400.0","volumeAverage":"27875","marketCapital":"2.577547E8","eps":"-3.87","pe_ttm":"","pe_lyr":"","beta":"0.0","totalShares":"20090000","time":"Mon Oct 30 10:25:21 -0400 2017","afterHours":"12.97","afterHoursPct":"0.0","afterHoursChg":"0.0","afterHoursTime":"Mon Oct 30 03:59:21 -0400 2017","updateAt":"1509350302271","dividend":"0.0","yield":"0.0","turnover_rate":"0.01%","instOwn":"0.0","rise_stop":"0.0","fall_stop":"0.0","currency_unit":"","amount":"30672.0","net_assets":"-2.83","hasexist":"","has_warrant":"0","type":"1","flag":"1","rest_day":"","amplitude":"2.16%","market_status":"交易中","lot_size":"1","min_order_quantity":"0","max_order_quantity":"0","tick_size":"0.01","variable_tick_size":"0.0001 1 0.01","kzz_stock_symbol":"","kzz_stock_name":"","kzz_stock_current":"13.0","kzz_convert_price":"0.0","kzz_covert_value":"0.0","kzz_cpr":"0.0","kzz_putback_price":"0.0","kzz_convert_time":"","kzz_redempt_price":"0.0","kzz_straight_price":"0.0","kzz_stock_percent":"","pb":"-4.58","benefit_before_tax":"0.0","benefit_after_tax":"0.0","convert_bond_ratio":"","totalissuescale":"","outstandingamt":"","maturitydate":"","remain_year":"","convertrate":"","interestrtmemo":"","release_date":"","circulation":"0.0","par_value":"0.0","due_time":"0.0","value_date":"","due_date":"","publisher":"","redeem_type":"F","issue_type":"","bond_type":"","warrant":"","sale_rrg":"","rate":"","after_hour_vol":"2400","float_shares":"558000","float_market_capital":"7237260.0","disnext_pay_date":"","convert_rate":"","volume_ratio":"0.0","percent5m":"0.0","pankou_ratio":"-50.0%","dividend_pay_date":"","ex_dividend_date":"","moving_avg_200_day":"13.82","chg_from_200_day_moving_avg":"-0.85","pct_chg_from_200_day_moving_avg":"-0.061399999999999996","moving_avg_50_day":"13.82","chg_from_50_day_moving_avg":"-0.85","pct_chg_from_50_day_moving_avg":"-0.061399999999999996","shares_outstanding":"2.0025E7","ebitda":"-8.18E7","short_ratio":"4.71","pe_estimate_next_year":"16.01","peg_ratio":"0.0","eps_estimate_next_year":"0.81","eps_estimate_next_quarter":"0.0","eps_estimate_current_quarter":"-3.77","psr":"2.8","revenue":"9.194E7","profit_margin":"-0.9234935827713726"},"CGA":{"symbol":"CGA","exchange":"NYSE","code":"CGA","name":"中国绿色农业","current":"1.25","percentage":"0.81","change":"0.01","open":"1.24","high":"1.26","low":"1.24","close":"1.25","last_close":"1.24","high52week":"1.47","low52week":"1.18","volume":"2583.0","lot_volume":"2583.0","volumeAverage":"64684","marketCapital":"4.78036E7","eps":"0.66","pe_ttm":"1.8788","pe_lyr":"1.8788","beta":"0.72","totalShares":"38551000","time":"Mon Oct 30 10:14:29 -0400 2017","afterHours":"1.24","afterHoursPct":"0.0","afterHoursChg":"0.0","afterHoursTime":"Mon Oct 30 03:59:21 -0400 2017","updateAt":"1509350301623","dividend":"0.0","yield":"0.0","turnover_rate":"0.01%","instOwn":"4.0","rise_stop":"0.0","fall_stop":"0.0","currency_unit":"USD","amount":"3202.92","net_assets":"9.84","hasexist":"","has_warrant":"0","type":"1","flag":"1","rest_day":"","amplitude":"1.61%","market_status":"交易中","lot_size":"1","min_order_quantity":"0","max_order_quantity":"0","tick_size":"0.01","variable_tick_size":"0.0001 1 0.01","kzz_stock_symbol":"","kzz_stock_name":"","kzz_stock_current":"1.24","kzz_convert_price":"0.0","kzz_covert_value":"0.0","kzz_cpr":"0.0","kzz_putback_price":"0.0","kzz_convert_time":"","kzz_redempt_price":"0.0","kzz_straight_price":"0.0","kzz_stock_percent":"","pb":"0.13","benefit_before_tax":"0.0","benefit_after_tax":"0.0","convert_bond_ratio":"","totalissuescale":"","outstandingamt":"","maturitydate":"","remain_year":"","convertrate":"","interestrtmemo":"","release_date":"","circulation":"0.0","par_value":"0.0","due_time":"0.0","value_date":"","due_date":"","publisher":"","redeem_type":"F","issue_type":"","bond_type":"","warrant":"","sale_rrg":"","rate":"","after_hour_vol":"2583","float_shares":"25647000","float_market_capital":"3.180228E7","disnext_pay_date":"","convert_rate":"","volume_ratio":"0.0","percent5m":"0.0","pankou_ratio":"85.36%","dividend_pay_date":"Sat Jan 31 00:00:00 CST 2015","ex_dividend_date":"Wed Oct 29 00:00:00 CST 2014","moving_avg_200_day":"1.26","chg_from_200_day_moving_avg":"-0.02","pct_chg_from_200_day_moving_avg":"-0.0141","moving_avg_50_day":"1.26","chg_from_50_day_moving_avg":"-0.02","pct_chg_from_50_day_moving_avg":"-0.0128","shares_outstanding":"3.8551E7","ebitda":"2.192E7","short_ratio":"17.82","pe_estimate_next_year":"","peg_ratio":"0.0","eps_estimate_next_year":"","eps_estimate_next_quarter":"0.0","eps_estimate_current_quarter":"1.24","psr":"0.17","revenue":"2.8093E8","profit_margin":"0.0933139216174848"},"CCIH":{"symbol":"CCIH","exchange":"NASDAQ","code":"CCIH","name":"蓝汛","current":"1.04","percentage":"-4.59","change":"-0.05","open":"1.06","high":"1.1","low":"1.02","close":"1.04","last_close":"1.09","high52week":"3.64","low52week":"0.72","volume":"156909.0","lot_volume":"156909.0","volumeAverage":"454124","marketCapital":"2.600454168E7","eps":"-0.08","pe_ttm":"","pe_lyr":"","beta":"0.65","totalShares":"25004367","time":"Mon Oct 30 10:30:05 -0400 2017","afterHours":"1.06","afterHoursPct":"-2.75","afterHoursChg":"-0.03","afterHoursTime":"Mon Oct 30 08:28:22 -0400 2017","updateAt":"1509350301344","dividend":"0.0","yield":"0.0","turnover_rate":"0.62%","instOwn":"4.0","rise_stop":"0.0","fall_stop":"0.0","currency_unit":"USD","amount":"165758.67","net_assets":"1.6","hasexist":"","has_warrant":"0","type":"1","flag":"1","rest_day":"","amplitude":"7.34%","market_status":"交易中","lot_size":"1","min_order_quantity":"0","max_order_quantity":"0","tick_size":"0.01","variable_tick_size":"0.0001 1 0.01","kzz_stock_symbol":"","kzz_stock_name":"","kzz_stock_current":"1.06","kzz_convert_price":"0.0","kzz_covert_value":"0.0","kzz_cpr":"0.0","kzz_putback_price":"0.0","kzz_convert_time":"","kzz_redempt_price":"0.0","kzz_straight_price":"0.0","kzz_stock_percent":"","pb":"0.68","benefit_before_tax":"0.0","benefit_after_tax":"0.0","convert_bond_ratio":"","totalissuescale":"","outstandingamt":"","maturitydate":"","remain_year":"","convertrate":"","interestrtmemo":"","release_date":"","circulation":"0.0","par_value":"0.0","due_time":"0.0","value_date":"","due_date":"","publisher":"","redeem_type":"F","issue_type":"","bond_type":"","warrant":"","sale_rrg":"","rate":"","after_hour_vol":"155857","float_shares":"19867000","float_market_capital":"2.165503E7","disnext_pay_date":"","convert_rate":"","volume_ratio":"0.0","percent5m":"0.0","pankou_ratio":"-90.91%","dividend_pay_date":"","ex_dividend_date":"","moving_avg_200_day":"1.03","chg_from_200_day_moving_avg":"0.06","pct_chg_from_200_day_moving_avg":"0.0622","moving_avg_50_day":"0.96","chg_from_50_day_moving_avg":"0.13","pct_chg_from_50_day_moving_avg":"0.13119999999999998","shares_outstanding":"2.6345E7","ebitda":"-5.093E7","short_ratio":"5.13","pe_estimate_next_year":"","peg_ratio":"0.0","eps_estimate_next_year":"-0.28","eps_estimate_next_quarter":"0.0","eps_estimate_current_quarter":"-0.52","psr":"0.18","revenue":"1.6141E8","profit_margin":"-0.4880214980484481"},"ACH":{"symbol":"ACH","exchange":"NYSE","code":"ACH","name":"中国铝业","current":"19.28","percentage":"-4.86","change":"-0.99","open":"19.52","high":"19.52","low":"19.18","close":"19.28","last_close":"20.27","high52week":"23.54","low52week":"9.23","volume":"30376.0","lot_volume":"30376.0","volumeAverage":"116460","marketCapital":"1.149380919112E10","eps":"0.06","pe_ttm":"209.5","pe_lyr":"269.3032","beta":"0.11","totalShares":"596151929","time":"Mon Oct 30 10:31:10 -0400 2017","afterHours":"20.27","afterHoursPct":"0.0","afterHoursChg":"0.0","afterHoursTime":"Mon Oct 30 03:59:16 -0400 2017","updateAt":"1509350297877","dividend":"0.035","yield":"0.3","turnover_rate":"0.01%","instOwn":"1.54","rise_stop":"0.0","fall_stop":"0.0","currency_unit":"USD","amount":"585649.28","net_assets":"9.6","hasexist":"","has_warrant":"0","type":"1","flag":"1","rest_day":"","amplitude":"1.68%","market_status":"交易中","lot_size":"1","min_order_quantity":"0","max_order_quantity":"0","tick_size":"0.01","variable_tick_size":"0.0001 1 0.01","kzz_stock_symbol":"","kzz_stock_name":"","kzz_stock_current":"19.24","kzz_convert_price":"0.0","kzz_covert_value":"0.0","kzz_cpr":"0.0","kzz_putback_price":"0.0","kzz_convert_time":"","kzz_redempt_price":"0.0","kzz_straight_price":"0.0","kzz_stock_percent":"","pb":"2.11","benefit_before_tax":"0.0","benefit_after_tax":"0.0","convert_bond_ratio":"","totalissuescale":"","outstandingamt":"","maturitydate":"","remain_year":"","convertrate":"","interestrtmemo":"","release_date":"","circulation":"0.0","par_value":"0.0","due_time":"0.0","value_date":"","due_date":"","publisher":"","redeem_type":"T","issue_type":"","bond_type":"","warrant":"","sale_rrg":"","rate":"","after_hour_vol":"30376","float_shares":"382896000","float_market_capital":"7.76130192E9","disnext_pay_date":"","convert_rate":"","volume_ratio":"0.0","percent5m":"0.27","pankou_ratio":"90.91%","dividend_pay_date":"Thu Aug 11 00:00:00 CST 2011","ex_dividend_date":"Tue Apr 26 00:00:00 CST 2011","moving_avg_200_day":"15.96","chg_from_200_day_moving_avg":"4.31","pct_chg_from_200_day_moving_avg":"0.2702","moving_avg_50_day":"21.79","chg_from_50_day_moving_avg":"-1.52","pct_chg_from_50_day_moving_avg":"-0.0698","shares_outstanding":"5.96151E8","ebitda":"2.06E9","short_ratio":"1.81","pe_estimate_next_year":"","peg_ratio":"0.0","eps_estimate_next_year":"-0.01","eps_estimate_next_quarter":"0.0","eps_estimate_current_quarter":"-0.01","psr":"0.45","revenue":"2.839E10","profit_margin":"0.0052496565692145124"},"ATHM":{"symbol":"ATHM","exchange":"NYSE","code":"ATHM","name":"汽车之家","current":"57.80","percentage":"1.49","change":"0.85","open":"56.76","high":"58.2","low":"56.67","close":"57.8","last_close":"56.95","high52week":"67.69","low52week":"22.07","volume":"140210.0","lot_volume":"140210.0","volumeAverage":"1031152","marketCapital":"6.66417816E9","eps":"1.65","pe_ttm":"35.0303","pe_lyr":"36.0501","beta":"2.15","totalShares":"115297200","time":"Mon Oct 30 10:30:29 -0400 2017","afterHours":"56.8","afterHoursPct":"-0.26","afterHoursChg":"-0.15","afterHoursTime":"Mon Oct 30 09:11:26 -0400 2017","updateAt":"1509350299310","dividend":"0.0","yield":"0.0","turnover_rate":"0.12%","instOwn":"79.0","rise_stop":"0.0","fall_stop":"0.0","currency_unit":"USD","amount":"8101333.8","net_assets":"9.6","hasexist":"","has_warrant":"0","type":"1","flag":"1","rest_day":"","amplitude":"2.69%","market_status":"交易中","lot_size":"1","min_order_quantity":"0","max_order_quantity":"0","tick_size":"0.01","variable_tick_size":"0.0001 1 0.01","kzz_stock_symbol":"","kzz_stock_name":"","kzz_stock_current":"56.91","kzz_convert_price":"0.0","kzz_covert_value":"0.0","kzz_cpr":"0.0","kzz_putback_price":"0.0","kzz_convert_time":"","kzz_redempt_price":"0.0","kzz_straight_price":"0.0","kzz_stock_percent":"","pb":"5.93","benefit_before_tax":"0.0","benefit_after_tax":"0.0","convert_bond_ratio":"","totalissuescale":"","outstandingamt":"","maturitydate":"","remain_year":"","convertrate":"","interestrtmemo":"","release_date":"","circulation":"0.0","par_value":"0.0","due_time":"0.0","value_date":"","due_date":"","publisher":"","redeem_type":"T","issue_type":"","bond_type":"","warrant":"","sale_rrg":"","rate":"","after_hour_vol":"140210","float_shares":"116011000","float_market_capital":"6.60682645E9","disnext_pay_date":"","convert_rate":"","volume_ratio":"0.0","percent5m":"0.0","pankou_ratio":"33.33%","dividend_pay_date":"","ex_dividend_date":"","moving_avg_200_day":"50.38","chg_from_200_day_moving_avg":"6.57","pct_chg_from_200_day_moving_avg":"0.1305","moving_avg_50_day":"61.8","chg_from_50_day_moving_avg":"-4.85","pct_chg_from_50_day_moving_avg":"-0.0785","shares_outstanding":"1.16011E8","ebitda":"2.3872E8","short_ratio":"4.32","pe_estimate_next_year":"19.77","peg_ratio":"41.63","eps_estimate_next_year":"2.88","eps_estimate_next_quarter":"0.64","eps_estimate_current_quarter":"2.41","psr":"6.62","revenue":"9.7992E8","profit_margin":"0.22967317740223692"},"BITA":{"symbol":"BITA","exchange":"NYSE","code":"BITA","name":"易车","current":"47.11","percentage":"-1.2","change":"-0.57","open":"48.1","high":"48.42","low":"47.11","close":"47.11","last_close":"47.68","high52week":"54.42","low52week":"16.56","volume":"217533.0","lot_volume":"217533.0","volumeAverage":"871737","marketCapital":"3.26076576E9","eps":"-1.44","pe_ttm":"","pe_lyr":"","beta":"3.08","totalShares":"69216000","time":"Mon Oct 30 10:31:35 -0400 2017","afterHours":"48.08","afterHoursPct":"0.84","afterHoursChg":"0.4","afterHoursTime":"Mon Oct 30 09:30:00 -0400 2017","updateAt":"1509350300176","dividend":"0.0","yield":"0.0","turnover_rate":"0.31%","instOwn":"30.0","rise_stop":"0.0","fall_stop":"0.0","currency_unit":"USD","amount":"1.036327212E7","net_assets":"20.95","hasexist":"","has_warrant":"0","type":"1","flag":"1","rest_day":"","amplitude":"2.75%","market_status":"交易中","lot_size":"1","min_order_quantity":"0","max_order_quantity":"0","tick_size":"0.01","variable_tick_size":"0.0001 1 0.01","kzz_stock_symbol":"","kzz_stock_name":"","kzz_stock_current":"48.18","kzz_convert_price":"0.0","kzz_covert_value":"0.0","kzz_cpr":"0.0","kzz_putback_price":"0.0","kzz_convert_time":"","kzz_redempt_price":"0.0","kzz_straight_price":"0.0","kzz_stock_percent":"","pb":"2.28","benefit_before_tax":"0.0","benefit_after_tax":"0.0","convert_bond_ratio":"","totalissuescale":"","outstandingamt":"","maturitydate":"","remain_year":"","convertrate":"","interestrtmemo":"","release_date":"","circulation":"0.0","par_value":"0.0","due_time":"0.0","value_date":"","due_date":"","publisher":"","redeem_type":"T","issue_type":"","bond_type":"","warrant":"","sale_rrg":"","rate":"","after_hour_vol":"217533","float_shares":"16968000","float_market_capital":"8.0903424E8","disnext_pay_date":"","convert_rate":"","volume_ratio":"0.0","percent5m":"0.0","pankou_ratio":"-5.82%","dividend_pay_date":"","ex_dividend_date":"","moving_avg_200_day":"34.88","chg_from_200_day_moving_avg":"12.8","pct_chg_from_200_day_moving_avg":"0.36700000000000005","moving_avg_50_day":"46.8","chg_from_50_day_moving_avg":"0.88","pct_chg_from_50_day_moving_avg":"0.0189","shares_outstanding":"6.981E7","ebitda":"1.0577E8","short_ratio":"4.38","pe_estimate_next_year":"22.92","peg_ratio":"59.0","eps_estimate_next_year":"2.08","eps_estimate_next_quarter":"0.33","eps_estimate_current_quarter":"1.22","psr":"3.18","revenue":"1.07E9","profit_margin":"-0.0919926168224299"},"CCM":{"symbol":"CCM","exchange":"NYSE","code":"CCM","name":"泰和诚医疗","current":"3.60","percentage":"2.86","change":"0.10","open":"3.46","high":"3.6","low":"3.46","close":"3.6","last_close":"3.5","high52week":"4.96","low52week":"3.22","volume":"7220.0","lot_volume":"7220.0","volumeAverage":"26081","marketCapital":"1.561104E8","eps":"-1.5","pe_ttm":"","pe_lyr":"","beta":"0.73","totalShares":"43364000","time":"Mon Oct 30 10:31:03 -0400 2017","afterHours":"3.5","afterHoursPct":"0.0","afterHoursChg":"0.0","afterHoursTime":"Mon Oct 30 03:59:20 -0400 2017","updateAt":"1509350301355","dividend":"0.0","yield":"0.0","turnover_rate":"0.02%","instOwn":"5.0","rise_stop":"0.0","fall_stop":"0.0","currency_unit":"USD","amount":"25867.09","net_assets":"3.77","hasexist":"","has_warrant":"0","type":"1","flag":"1","rest_day":"","amplitude":"4.00%","market_status":"交易中","lot_size":"1","min_order_quantity":"0","max_order_quantity":"0","tick_size":"0.01","variable_tick_size":"0.0001 1 0.01","kzz_stock_symbol":"","kzz_stock_name":"","kzz_stock_current":"3.57","kzz_convert_price":"0.0","kzz_covert_value":"0.0","kzz_cpr":"0.0","kzz_putback_price":"0.0","kzz_convert_time":"","kzz_redempt_price":"0.0","kzz_straight_price":"0.0","kzz_stock_percent":"","pb":"0.93","benefit_before_tax":"0.0","benefit_after_tax":"0.0","convert_bond_ratio":"","totalissuescale":"","outstandingamt":"","maturitydate":"","remain_year":"","convertrate":"","interestrtmemo":"","release_date":"","circulation":"0.0","par_value":"0.0","due_time":"0.0","value_date":"","due_date":"","publisher":"","redeem_type":"F","issue_type":"","bond_type":"","warrant":"","sale_rrg":"","rate":"","after_hour_vol":"7200","float_shares":"14014000","float_market_capital":"4.9049E7","disnext_pay_date":"","convert_rate":"","volume_ratio":"0.0","percent5m":"0.0","pankou_ratio":"0.0%","dividend_pay_date":"Fri Jan 29 00:00:00 CST 2016","ex_dividend_date":"Wed Dec 23 00:00:00 CST 2015","moving_avg_200_day":"3.92","chg_from_200_day_moving_avg":"-0.42","pct_chg_from_200_day_moving_avg":"-0.10800000000000001","moving_avg_50_day":"3.71","chg_from_50_day_moving_avg":"-0.21","pct_chg_from_50_day_moving_avg":"-0.056299999999999996","shares_outstanding":"4.3543E7","ebitda":"-8289999.0","short_ratio":"0.41","pe_estimate_next_year":"","peg_ratio":"0.0","eps_estimate_next_year":"-0.26","eps_estimate_next_quarter":"0.0","eps_estimate_current_quarter":"-0.74","psr":"2.45","revenue":"6.226E7","profit_margin":"-0.7693109540636044"},"CO":{"symbol":"CO","exchange":"NYSE","code":"CO","name":"中国脐带血库","current":"11.80","percentage":"-1.75","change":"-0.21","open":"12.0","high":"12.02","low":"11.73","close":"11.8","last_close":"12.01","high52week":"14.95","low52week":"4.27","volume":"31036.0","lot_volume":"31036.0","volumeAverage":"251284","marketCapital":"8.614383264E8","eps":"0.18","pe_ttm":"65.5556","pe_lyr":"45.4163","beta":"0.88","totalShares":"73003248","time":"Mon Oct 30 10:30:42 -0400 2017","afterHours":"12.01","afterHoursPct":"0.0","afterHoursChg":"0.0","afterHoursTime":"Mon Oct 30 03:59:21 -0400 2017","updateAt":"1509350302252","dividend":"0.0","yield":"0.0","turnover_rate":"0.04%","instOwn":"22.0","rise_stop":"0.0","fall_stop":"0.0","currency_unit":"USD","amount":"369949.12","net_assets":"3.93","hasexist":"","has_warrant":"0","type":"1","flag":"1","rest_day":"","amplitude":"2.41%","market_status":"交易中","lot_size":"1","min_order_quantity":"0","max_order_quantity":"0","tick_size":"0.01","variable_tick_size":"0.0001 1 0.01","kzz_stock_symbol":"","kzz_stock_name":"","kzz_stock_current":"11.91","kzz_convert_price":"0.0","kzz_covert_value":"0.0","kzz_cpr":"0.0","kzz_putback_price":"0.0","kzz_convert_time":"","kzz_redempt_price":"0.0","kzz_straight_price":"0.0","kzz_stock_percent":"","pb":"3.06","benefit_before_tax":"0.0","benefit_after_tax":"0.0","convert_bond_ratio":"","totalissuescale":"","outstandingamt":"","maturitydate":"","remain_year":"","convertrate":"","interestrtmemo":"","release_date":"","circulation":"0.0","par_value":"0.0","due_time":"0.0","value_date":"","due_date":"","publisher":"","redeem_type":"F","issue_type":"0","bond_type":"","warrant":"","sale_rrg":"0","rate":"","after_hour_vol":"31036","float_shares":"25110000","float_market_capital":"3.015711E8","disnext_pay_date":"","convert_rate":"","volume_ratio":"0.0","percent5m":"0.13","pankou_ratio":"33.33%","dividend_pay_date":"","ex_dividend_date":"","moving_avg_200_day":"10.15","chg_from_200_day_moving_avg":"1.86","pct_chg_from_200_day_moving_avg":"0.18289999999999998","moving_avg_50_day":"11.39","chg_from_50_day_moving_avg":"0.62","pct_chg_from_50_day_moving_avg":"0.0546","shares_outstanding":"1.13524E8","ebitda":"5.301E7","short_ratio":"1.24","pe_estimate_next_year":"","peg_ratio":"0.0","eps_estimate_next_year":"0.17","eps_estimate_next_quarter":"0.0","eps_estimate_current_quarter":"0.15","psr":"10.24","revenue":"1.2421E8","profit_margin":"0.2833301666532485"},"BRQS":{"symbol":"BRQS","exchange":"NASDAQ","code":"BRQS","name":"Borqs Technologies, Inc.  - Ordinary Shares","current":"4.25","percentage":"0.0","change":"0.00","open":"0.0","high":"0.0","low":"0.0","close":"4.25","last_close":"4.25","high52week":"13.0","low52week":"4.01","volume":"0.0","lot_volume":"0.0","volumeAverage":"9909","marketCapital":"1.309197E8","eps":"-0.72","pe_ttm":"","pe_lyr":"","beta":"0.0","totalShares":"30805000","time":"Fri Oct 27 15:54:04 -0400 2017","afterHours":"4.25","afterHoursPct":"0.0","afterHoursChg":"0.0","afterHoursTime":"Mon Oct 30 03:59:19 -0400 2017","updateAt":"1509350300624","dividend":"0.0","yield":"0.0","turnover_rate":"","instOwn":"0.0","rise_stop":"0.0","fall_stop":"0.0","currency_unit":"USD","amount":"0.0","net_assets":"0.0","hasexist":"","has_warrant":"0","type":"0","flag":"1","rest_day":"","amplitude":"","market_status":"交易中","lot_size":"1","min_order_quantity":"0","max_order_quantity":"0","tick_size":"0.05","variable_tick_size":"0.0001 1 0.01","kzz_stock_symbol":"","kzz_stock_name":"","kzz_stock_current":"4.48","kzz_convert_price":"0.0","kzz_covert_value":"0.0","kzz_cpr":"0.0","kzz_putback_price":"0.0","kzz_convert_time":"","kzz_redempt_price":"0.0","kzz_straight_price":"0.0","kzz_stock_percent":"","pb":"0.0","benefit_before_tax":"0.0","benefit_after_tax":"0.0","convert_bond_ratio":"","totalissuescale":"","outstandingamt":"","maturitydate":"","remain_year":"","convertrate":"","interestrtmemo":"","release_date":"","circulation":"0.0","par_value":"0.0","due_time":"0.0","value_date":"","due_date":"","publisher":"","redeem_type":"F","issue_type":"","bond_type":"","warrant":"","sale_rrg":"1","rate":"","after_hour_vol":"0","float_shares":"","float_market_capital":"0.0","disnext_pay_date":"","convert_rate":"","volume_ratio":"0.0","percent5m":"0.0","pankou_ratio":"60.78%","dividend_pay_date":"","ex_dividend_date":"","moving_avg_200_day":"8.64","chg_from_200_day_moving_avg":"-4.39","pct_chg_from_200_day_moving_avg":"-0.5082","moving_avg_50_day":"5.53","chg_from_50_day_moving_avg":"-1.28","pct_chg_from_50_day_moving_avg":"-0.23190000000000002","shares_outstanding":"3.0805E7","ebitda":"0.0","short_ratio":"0.0","pe_estimate_next_year":"","peg_ratio":"0.0","eps_estimate_next_year":"","eps_estimate_next_quarter":"0.0","eps_estimate_current_quarter":"","psr":"","revenue":"","profit_margin":""},"BZUN":{"symbol":"BZUN","exchange":"NASDAQ","code":"BZUN","name":"宝尊电商","current":"32.14","percentage":"1.97","change":"0.62","open":"31.98","high":"32.98","low":"31.91","close":"32.14","last_close":"31.52","high52week":"40.65","low52week":"10.87","volume":"564491.0","lot_volume":"564491.0","volumeAverage":"3013407","marketCapital":"1.7137048E9","eps":"0.35","pe_ttm":"91.8286","pe_lyr":"130.8502","beta":"0.0","totalShares":"53320000","time":"Mon Oct 30 10:31:46 -0400 2017","afterHours":"31.95","afterHoursPct":"1.36","afterHoursChg":"0.43","afterHoursTime":"Mon Oct 30 09:30:00 -0400 2017","updateAt":"1509350300933","dividend":"0.0","yield":"0.0","turnover_rate":"1.06%","instOwn":"2.0","rise_stop":"0.0","fall_stop":"0.0","currency_unit":"USD","amount":"1.832902277E7","net_assets":"4.61","hasexist":"","has_warrant":"0","type":"1","flag":"1","rest_day":"","amplitude":"3.39%","market_status":"交易中","lot_size":"1","min_order_quantity":"0","max_order_quantity":"0","tick_size":"0.01","variable_tick_size":"0.0001 1 0.01","kzz_stock_symbol":"","kzz_stock_name":"","kzz_stock_current":"32.0","kzz_convert_price":"0.0","kzz_covert_value":"0.0","kzz_cpr":"0.0","kzz_putback_price":"0.0","kzz_convert_time":"","kzz_redempt_price":"0.0","kzz_straight_price":"0.0","kzz_stock_percent":"","pb":"6.84","benefit_before_tax":"0.0","benefit_after_tax":"0.0","convert_bond_ratio":"","totalissuescale":"","outstandingamt":"","maturitydate":"","remain_year":"","convertrate":"","interestrtmemo":"","release_date":"","circulation":"0.0","par_value":"0.0","due_time":"0.0","value_date":"","due_date":"","publisher":"","redeem_type":"T","issue_type":"","bond_type":"","warrant":"","sale_rrg":"","rate":"","after_hour_vol":"564491","float_shares":"28514000","float_market_capital":"8.9876128E8","disnext_pay_date":"","convert_rate":"","volume_ratio":"0.0","percent5m":"0.0","pankou_ratio":"-20.0%","dividend_pay_date":"","ex_dividend_date":"","moving_avg_200_day":"34.79","chg_from_200_day_moving_avg":"-3.27","pct_chg_from_200_day_moving_avg":"-0.094","moving_avg_50_day":"34.79","chg_from_50_day_moving_avg":"-3.27","pct_chg_from_50_day_moving_avg":"-0.094","shares_outstanding":"5.4314E7","ebitda":"2.343E7","short_ratio":"1.47","pe_estimate_next_year":"28.65","peg_ratio":"28.37","eps_estimate_next_year":"1.1","eps_estimate_next_quarter":"0.37","eps_estimate_current_quarter":"0.68","psr":"2.88","revenue":"5.688E8","profit_margin":"0.030556399437412094"},"CLNT":{"symbol":"CLNT","exchange":"NASDAQ","code":"CLNT","name":"中国风能技术","current":"4.24","percentage":"-1.4","change":"-0.06","open":"4.26","high":"4.29","low":"4.11","close":"4.24","last_close":"4.3","high52week":"10.7","low52week":"2.31","volume":"16082.0","lot_volume":"16082.0","volumeAverage":"707686","marketCapital":"6064896.0","eps":"-3.73","pe_ttm":"","pe_lyr":"","beta":"2.73","totalShares":"1430400","time":"Mon Oct 30 10:26:46 -0400 2017","afterHours":"4.3","afterHoursPct":"0.0","afterHoursChg":"0.0","afterHoursTime":"Mon Oct 30 03:59:21 -0400 2017","updateAt":"1509350301999","dividend":"0.0","yield":"0.0","turnover_rate":"1.12%","instOwn":"4.18","rise_stop":"0.0","fall_stop":"0.0","currency_unit":"USD","amount":"68026.86","net_assets":"37.29","hasexist":"","has_warrant":"0","type":"1","flag":"1","rest_day":"","amplitude":"4.19%","market_status":"交易中","lot_size":"1","min_order_quantity":"0","max_order_quantity":"0","tick_size":"0.01","variable_tick_size":"0.0001 1 0.01","kzz_stock_symbol":"","kzz_stock_name":"","kzz_stock_current":"4.23","kzz_convert_price":"0.0","kzz_covert_value":"0.0","kzz_cpr":"0.0","kzz_putback_price":"0.0","kzz_convert_time":"","kzz_redempt_price":"0.0","kzz_straight_price":"0.0","kzz_stock_percent":"","pb":"0.12","benefit_before_tax":"0.0","benefit_after_tax":"0.0","convert_bond_ratio":"","totalissuescale":"","outstandingamt":"","maturitydate":"","remain_year":"","convertrate":"","interestrtmemo":"","release_date":"","circulation":"0.0","par_value":"0.0","due_time":"0.0","value_date":"","due_date":"","publisher":"","redeem_type":"F","issue_type":"","bond_type":"","warrant":"","sale_rrg":"","rate":"","after_hour_vol":"16082","float_shares":"1537000","float_market_capital":"6609100.0","disnext_pay_date":"","convert_rate":"","volume_ratio":"0.0","percent5m":"0.0","pankou_ratio":"-91.78%","dividend_pay_date":"","ex_dividend_date":"","moving_avg_200_day":"3.95","chg_from_200_day_moving_avg":"0.35","pct_chg_from_200_day_moving_avg":"0.0888","moving_avg_50_day":"3.98","chg_from_50_day_moving_avg":"0.32","pct_chg_from_50_day_moving_avg":"0.0814","shares_outstanding":"1961000.0","ebitda":"2160000.0","short_ratio":"5.58","pe_estimate_next_year":"","peg_ratio":"0.0","eps_estimate_next_year":"","eps_estimate_next_quarter":"0.0","eps_estimate_current_quarter":"","psr":"0.52","revenue":"1.729E7","profit_margin":"-0.8891983805668017"},"BYSI":{"symbol":"BYSI","exchange":"NASDAQ","code":"BYSI","name":"万春医药","current":"37.70","percentage":"5.31","change":"1.90","open":"36.28","high":"37.7","low":"36.28","close":"37.7","last_close":"36.28","high52week":"48.49","low52week":"16.55","volume":"500.0","lot_volume":"500.0","volumeAverage":"2950","marketCapital":"8.183887725E8","eps":"-0.75","pe_ttm":"","pe_lyr":"","beta":"0.0","totalShares":"21707925","time":"Mon Oct 30 10:27:27 -0400 2017","afterHours":"36.28","afterHoursPct":"0.0","afterHoursChg":"0.0","afterHoursTime":"Mon Oct 30 03:59:20 -0400 2017","updateAt":"1509350300914","dividend":"0.0","yield":"0.0","turnover_rate":"","instOwn":"0.0","rise_stop":"0.0","fall_stop":"0.0","currency_unit":"USD","amount":"17950.0","net_assets":"2.11","hasexist":"","has_warrant":"0","type":"1","flag":"1","rest_day":"","amplitude":"3.91%","market_status":"交易中","lot_size":"1","min_order_quantity":"0","max_order_quantity":"0","tick_size":"0.01","variable_tick_size":"0.0001 1 0.01","kzz_stock_symbol":"","kzz_stock_name":"","kzz_stock_current":"36.28","kzz_convert_price":"0.0","kzz_covert_value":"0.0","kzz_cpr":"0.0","kzz_putback_price":"0.0","kzz_convert_time":"","kzz_redempt_price":"0.0","kzz_straight_price":"0.0","kzz_stock_percent":"","pb":"17.19","benefit_before_tax":"0.0","benefit_after_tax":"0.0","convert_bond_ratio":"","totalissuescale":"","outstandingamt":"","maturitydate":"","remain_year":"","convertrate":"","interestrtmemo":"","release_date":"","circulation":"0.0","par_value":"0.0","due_time":"0.0","value_date":"","due_date":"","publisher":"","redeem_type":"F","issue_type":"","bond_type":"","warrant":"","sale_rrg":"","rate":"","after_hour_vol":"500","float_shares":"5236000","float_market_capital":"1.8996208E8","disnext_pay_date":"","convert_rate":"","volume_ratio":"0.0","percent5m":"1.07","pankou_ratio":"33.33%","dividend_pay_date":"","ex_dividend_date":"","moving_avg_200_day":"35.48","chg_from_200_day_moving_avg":"0.8","pct_chg_from_200_day_moving_avg":"0.022400000000000003","moving_avg_50_day":"37.07","chg_from_50_day_moving_avg":"-0.79","pct_chg_from_50_day_moving_avg":"-0.0213","shares_outstanding":"2.2844E7","ebitda":"-6.956E7","short_ratio":"11.79","pe_estimate_next_year":"","peg_ratio":"0.0","eps_estimate_next_year":"-3.1","eps_estimate_next_quarter":"-0.54","eps_estimate_current_quarter":"-3.77","psr":"","revenue":"","profit_margin":""},"CHNR":{"symbol":"CHNR","exchange":"NASDAQ","code":"CHNR","name":"中国天然资源","current":"2.21","percentage":"1.81","change":"0.04","open":"2.25","high":"2.25","low":"2.25","close":"2.21","last_close":"2.21","high52week":"5.73","low52week":"1.45","volume":"45.0","lot_volume":"45.0","volumeAverage":"27070","marketCapital":"5.50531E7","eps":"-0.13","pe_ttm":"","pe_lyr":"","beta":"2.37","totalShares":"24911000","time":"Mon Oct 30 09:30:01 -0400 2017","afterHours":"2.21","afterHoursPct":"0.0","afterHoursChg":"0.0","afterHoursTime":"Mon Oct 30 03:59:21 -0400 2017","updateAt":"1509350301751","dividend":"0.0","yield":"0.0","turnover_rate":"","instOwn":"0.0","rise_stop":"0.0","fall_stop":"0.0","currency_unit":"USD","amount":"101.25","net_assets":"0.08","hasexist":"","has_warrant":"0","type":"1","flag":"1","rest_day":"","amplitude":"","market_status":"交易中","lot_size":"1","min_order_quantity":"0","max_order_quantity":"0","tick_size":"0.01","variable_tick_size":"0.0001 1 0.01","kzz_stock_symbol":"","kzz_stock_name":"","kzz_stock_current":"2.25","kzz_convert_price":"0.0","kzz_covert_value":"0.0","kzz_cpr":"0.0","kzz_putback_price":"0.0","kzz_convert_time":"","kzz_redempt_price":"0.0","kzz_straight_price":"0.0","kzz_stock_percent":"","pb":"27.63","benefit_before_tax":"0.0","benefit_after_tax":"0.0","convert_bond_ratio":"","totalissuescale":"","outstandingamt":"","maturitydate":"","remain_year":"","convertrate":"","interestrtmemo":"","release_date":"","circulation":"0.0","par_value":"0.0","due_time":"0.0","value_date":"","due_date":"","publisher":"","redeem_type":"F","issue_type":"","bond_type":"","warrant":"","sale_rrg":"","rate":"","after_hour_vol":"25","float_shares":"9448000","float_market_capital":"2.088008E7","disnext_pay_date":"","convert_rate":"","volume_ratio":"0.0","percent5m":"0.0","pankou_ratio":"-33.33%","dividend_pay_date":"","ex_dividend_date":"","moving_avg_200_day":"2.14","chg_from_200_day_moving_avg":"0.07","pct_chg_from_200_day_moving_avg":"0.0347","moving_avg_50_day":"2.12","chg_from_50_day_moving_avg":"0.09","pct_chg_from_50_day_moving_avg":"0.0401","shares_outstanding":"2.491E7","ebitda":"-2740000.0","short_ratio":"2.98","pe_estimate_next_year":"","peg_ratio":"0.0","eps_estimate_next_year":"","eps_estimate_next_quarter":"0.0","eps_estimate_current_quarter":"","psr":"","revenue":"","profit_margin":"-7.584648071967814"},"AXN":{"symbol":"AXN","exchange":"AMEX","code":"AXN","name":"河北奥星","current":"0.1218","percentage":"0.0","change":"0.0000","open":"0.0","high":"0.0","low":"0.0","close":"0.1218","last_close":"0.1218","high52week":"0.65","low52week":"0.102","volume":"0.0","lot_volume":"0.0","volumeAverage":"1040000","marketCapital":"9282256.2","eps":"0.13","pe_ttm":"0.9369","pe_lyr":"4.06","beta":"3.41","totalShares":"76209000","time":"Mon Oct 16 15:53:54 -0400 2017","afterHours":"0.12","afterHoursPct":"0.0","afterHoursChg":"0.0","afterHoursTime":"Mon Oct 30 03:59:18 -0400 2017","updateAt":"1509350299542","dividend":"0.0","yield":"0.0","turnover_rate":"","instOwn":"0.0","rise_stop":"0.0","fall_stop":"0.0","currency_unit":"USD","amount":"0.0","net_assets":"0.251","hasexist":"","has_warrant":"0","type":"1","flag":"1","rest_day":"","amplitude":"","market_status":"交易中","lot_size":"1","min_order_quantity":"0","max_order_quantity":"0","tick_size":"0.0001","variable_tick_size":"0.0001 1 0.01","kzz_stock_symbol":"","kzz_stock_name":"","kzz_stock_current":"0.12","kzz_convert_price":"0.0","kzz_covert_value":"0.0","kzz_cpr":"0.0","kzz_putback_price":"0.0","kzz_convert_time":"","kzz_redempt_price":"0.0","kzz_straight_price":"0.0","kzz_stock_percent":"","pb":"0.49","benefit_before_tax":"0.0","benefit_after_tax":"0.0","convert_bond_ratio":"","totalissuescale":"","outstandingamt":"","maturitydate":"","remain_year":"","convertrate":"","interestrtmemo":"","release_date":"","circulation":"0.0","par_value":"0.0","due_time":"0.0","value_date":"","due_date":"","publisher":"","redeem_type":"T","issue_type":"","bond_type":"","warrant":"","sale_rrg":"","rate":"","after_hour_vol":"0","float_shares":"46186000","float_market_capital":"5625454.8","disnext_pay_date":"","convert_rate":"","volume_ratio":"0.0","percent5m":"0.0","pankou_ratio":"93.55%","dividend_pay_date":"","ex_dividend_date":"","moving_avg_200_day":"0.3041","chg_from_200_day_moving_avg":"-0.1823","pct_chg_from_200_day_moving_avg":"-0.5995130000000001","moving_avg_50_day":"0.2114","chg_from_50_day_moving_avg":"-0.0896","pct_chg_from_50_day_moving_avg":"-0.42392","shares_outstanding":"7.6209E7","ebitda":"1950000.0","short_ratio":"0.27","pe_estimate_next_year":"","peg_ratio":"0.0","eps_estimate_next_year":"","eps_estimate_next_quarter":"0.0","eps_estimate_current_quarter":"-0.06","psr":"0.3276","revenue":"3.011E7","profit_margin":"-0.04808937230156094"},"CHA":{"symbol":"CHA","exchange":"NYSE","code":"CHA","name":"中国电信","current":"50.23","percentage":"-1.37","change":"-0.70","open":"50.17","high":"50.29","low":"50.1","close":"50.23","last_close":"50.93","high52week":"53.78","low52week":"45.58","volume":"19554.0","lot_volume":"19554.0","volumeAverage":"38346","marketCapital":"4.065232859709E10","eps":"3.83","pe_ttm":"13.2977","pe_lyr":"15.3783","beta":"0.61","totalShares":"809323683","time":"Mon Oct 30 10:27:29 -0400 2017","afterHours":"50.26","afterHoursPct":"-1.32","afterHoursChg":"-0.67","afterHoursTime":"Mon Oct 30 09:29:50 -0400 2017","updateAt":"1509350301653","dividend":"1.21","yield":"2.38","turnover_rate":"","instOwn":"0.68","rise_stop":"0.0","fall_stop":"0.0","currency_unit":"USD","amount":"982197.42","net_assets":"60.6","hasexist":"","has_warrant":"0","type":"1","flag":"1","rest_day":"","amplitude":"0.37%","market_status":"交易中","lot_size":"1","min_order_quantity":"0","max_order_quantity":"0","tick_size":"0.01","variable_tick_size":"0.0001 1 0.01","kzz_stock_symbol":"","kzz_stock_name":"","kzz_stock_current":"50.25","kzz_convert_price":"0.0","kzz_covert_value":"0.0","kzz_cpr":"0.0","kzz_putback_price":"0.0","kzz_convert_time":"","kzz_redempt_price":"0.0","kzz_straight_price":"0.0","kzz_stock_percent":"","pb":"0.84","benefit_before_tax":"0.0","benefit_after_tax":"0.0","convert_bond_ratio":"","totalissuescale":"","outstandingamt":"","maturitydate":"","remain_year":"","convertrate":"","interestrtmemo":"","release_date":"","circulation":"0.0","par_value":"0.0","due_time":"0.0","value_date":"","due_date":"","publisher":"","redeem_type":"T","issue_type":"","bond_type":"","warrant":"","sale_rrg":"","rate":"","after_hour_vol":"19554","float_shares":"138774000","float_market_capital":"7.06775982E9","disnext_pay_date":"","convert_rate":"","volume_ratio":"0.0","percent5m":"0.0","pankou_ratio":"92.31%","dividend_pay_date":"Mon Jul 31 00:00:00 CST 2017","ex_dividend_date":"Wed May 24 00:00:00 CST 2017","moving_avg_200_day":"49.38","chg_from_200_day_moving_avg":"1.55","pct_chg_from_200_day_moving_avg":"0.031400000000000004","moving_avg_50_day":"51.28","chg_from_50_day_moving_avg":"-0.35","pct_chg_from_50_day_moving_avg":"-0.0069","shares_outstanding":"8.0932E8","ebitda":"1.432E10","short_ratio":"1.68","pe_estimate_next_year":"","peg_ratio":"0.0","eps_estimate_next_year":"4.18","eps_estimate_next_quarter":"0.0","eps_estimate_current_quarter":"3.74","psr":"0.75","revenue":"5.505E10","profit_margin":"0.05292555858310627"},"CJJD":{"symbol":"CJJD","exchange":"NASDAQ","code":"CJJD","name":"九洲大药房","current":"1.57","percentage":"1.94","change":"0.03","open":"1.55","high":"1.6","low":"1.55","close":"1.57","last_close":"1.54","high52week":"2.18","low52week":"1.45","volume":"662.0","lot_volume":"662.0","volumeAverage":"16145","marketCapital":"3.958704446E7","eps":"0.03","pe_ttm":"52.3333","pe_lyr":"","beta":"0.2","totalShares":"25214678","time":"Mon Oct 30 10:15:49 -0400 2017","afterHours":"1.54","afterHoursPct":"0.0","afterHoursChg":"0.0","afterHoursTime":"Mon Oct 30 03:59:21 -0400 2017","updateAt":"1509350301896","dividend":"0.0","yield":"0.0","turnover_rate":"","instOwn":"5.0","rise_stop":"0.0","fall_stop":"0.0","currency_unit":"USD","amount":"1026.1","net_assets":"1.03","hasexist":"","has_warrant":"0","type":"1","flag":"1","rest_day":"","amplitude":"3.25%","market_status":"交易中","lot_size":"1","min_order_quantity":"0","max_order_quantity":"0","tick_size":"0.01","variable_tick_size":"0.0001 1 0.01","kzz_stock_symbol":"","kzz_stock_name":"","kzz_stock_current":"1.58","kzz_convert_price":"0.0","kzz_covert_value":"0.0","kzz_cpr":"0.0","kzz_putback_price":"0.0","kzz_convert_time":"","kzz_redempt_price":"0.0","kzz_straight_price":"0.0","kzz_stock_percent":"","pb":"1.5","benefit_before_tax":"0.0","benefit_after_tax":"0.0","convert_bond_ratio":"","totalissuescale":"","outstandingamt":"","maturitydate":"","remain_year":"","convertrate":"","interestrtmemo":"","release_date":"","circulation":"0.0","par_value":"0.0","due_time":"0.0","value_date":"","due_date":"","publisher":"","redeem_type":"F","issue_type":"","bond_type":"","warrant":"","sale_rrg":"","rate":"","after_hour_vol":"662","float_shares":"10325000","float_market_capital":"1.59005E7","disnext_pay_date":"","convert_rate":"","volume_ratio":"0.0","percent5m":"-0.57","pankou_ratio":"-90.8%","dividend_pay_date":"","ex_dividend_date":"","moving_avg_200_day":"1.69","chg_from_200_day_moving_avg":"-0.15","pct_chg_from_200_day_moving_avg":"-0.08779999999999999","moving_avg_50_day":"1.6","chg_from_50_day_moving_avg":"-0.06","pct_chg_from_50_day_moving_avg":"-0.0363","shares_outstanding":"2.5214E7","ebitda":"-3970000.0","short_ratio":"3.65","pe_estimate_next_year":"","peg_ratio":"0.0","eps_estimate_next_year":"","eps_estimate_next_quarter":"0.0","eps_estimate_current_quarter":"0.64","psr":"0.49","revenue":"8.223E7","profit_margin":"-0.10425343548583242"}}