{"SFUN":{"symbol":"SFUN","exchange":"NYSE","code":"SFUN","name":"房天下","current":"4.47","percentage":"1.59","change":"0.07","open":"4.39","high":"4.53","low":"4.36","close":"4.47","last_close":"4.4","high52week":"4.7","low52week":"2.46","volume":"143879.0","lot_volume":"143879.0","volumeAverage":"2096204","marketCapital":"1.975827165E9","eps":"-0.36","pe_ttm":"","pe_lyr":"","beta":"1.39","totalShares":"442019500","time":"Mon Oct 30 10:31:44 -0400 2017","afterHours":"4.4","afterHoursPct":"0.0","afterHoursChg":"0.0","afterHoursTime":"Mon Oct 30 07:00:00 -0400 2017","updateAt":"1509350319538","dividend":"0.19","yield":"5.44","turnover_rate":"0.03%","instOwn":"177.18","rise_stop":"0.0","fall_stop":"0.0","currency_unit":"USD","amount":"643139.13","net_assets":"1.34","hasexist":"","has_warrant":"0","type":"1","flag":"1","rest_day":"","amplitude":"3.86%","market_status":"交易中","lot_size":"1","min_order_quantity":"0","max_order_quantity":"0","tick_size":"0.01","variable_tick_size":"0.0001 1 0.01","kzz_stock_symbol":"","kzz_stock_name":"","kzz_stock_current":"4.39","kzz_convert_price":"0.0","kzz_covert_value":"0.0","kzz_cpr":"0.0","kzz_putback_price":"0.0","kzz_convert_time":"","kzz_redempt_price":"0.0","kzz_straight_price":"0.0","kzz_stock_percent":"","pb":"3.28","benefit_before_tax":"0.0","benefit_after_tax":"0.0","convert_bond_ratio":"","totalissuescale":"","outstandingamt":"","maturitydate":"","remain_year":"","convertrate":"","interestrtmemo":"","release_date":"","circulation":"0.0","par_value":"0.0","due_time":"0.0","value_date":"","due_date":"","publisher":"","redeem_type":"T","issue_type":"","bond_type":"","warrant":"","sale_rrg":"","rate":"","after_hour_vol":"143879","float_shares":"234517000","float_market_capital":"1.0318748E9","disnext_pay_date":"","convert_rate":"","volume_ratio":"0.0","percent5m":"0.0","pankou_ratio":"71.43%","dividend_pay_date":"Tue Mar 31 00:00:00 CST 2015","ex_dividend_date":"Wed Mar 11 00:00:00 CST 2015","moving_avg_200_day":"3.61","chg_from_200_day_moving_avg":"0.79","pct_chg_from_200_day_moving_avg":"0.2186","moving_avg_50_day":"4.21","chg_from_50_day_moving_avg":"0.19","pct_chg_from_50_day_moving_avg":"0.0462","shares_outstanding":"4.35057E8","ebitda":"9320000.0","short_ratio":"8.49","pe_estimate_next_year":"23.16","peg_ratio":"0.41","eps_estimate_next_year":"0.19","eps_estimate_next_quarter":"0.03","eps_estimate_current_quarter":"0.04","psr":"2.96","revenue":"6.4469E8","profit_margin":"-0.04723819199925546"},"NOAH":{"symbol":"NOAH","exchange":"NYSE","code":"NOAH","name":"诺亚财富","current":"39.49","percentage":"1.8","change":"0.70","open":"38.84","high":"39.57","low":"38.84","close":"39.49","last_close":"38.79","high52week":"40.98","low52week":"21.33","volume":"52652.0","lot_volume":"52652.0","volumeAverage":"296749","marketCapital":"2.229712023E9","eps":"1.73","pe_ttm":"22.8266","pe_lyr":"22.9996","beta":"2.44","totalShares":"56462700","time":"Mon Oct 30 10:31:40 -0400 2017","afterHours":"38.94","afterHoursPct":"0.39","afterHoursChg":"0.15","afterHoursTime":"Mon Oct 30 09:30:00 -0400 2017","updateAt":"1509350314601","dividend":"0.0","yield":"0.0","turnover_rate":"0.09%","instOwn":"75.0","rise_stop":"0.0","fall_stop":"0.0","currency_unit":"USD","amount":"2076068.36","net_assets":"10.35","hasexist":"","has_warrant":"0","type":"1","flag":"1","rest_day":"","amplitude":"1.88%","market_status":"交易中","lot_size":"1","min_order_quantity":"0","max_order_quantity":"0","tick_size":"0.01","variable_tick_size":"0.0001 1 0.01","kzz_stock_symbol":"","kzz_stock_name":"","kzz_stock_current":"39.12","kzz_convert_price":"0.0","kzz_covert_value":"0.0","kzz_cpr":"0.0","kzz_putback_price":"0.0","kzz_convert_time":"","kzz_redempt_price":"0.0","kzz_straight_price":"0.0","kzz_stock_percent":"","pb":"3.75","benefit_before_tax":"0.0","benefit_after_tax":"0.0","convert_bond_ratio":"","totalissuescale":"","outstandingamt":"","maturitydate":"","remain_year":"","convertrate":"","interestrtmemo":"","release_date":"","circulation":"0.0","par_value":"0.0","due_time":"0.0","value_date":"","due_date":"","publisher":"","redeem_type":"T","issue_type":"","bond_type":"","warrant":"","sale_rrg":"","rate":"","after_hour_vol":"52652","float_shares":"17056000","float_market_capital":"6.6160224E8","disnext_pay_date":"","convert_rate":"","volume_ratio":"0.0","percent5m":"-0.04","pankou_ratio":"-80.0%","dividend_pay_date":"Tue Apr 09 00:00:00 CST 2013","ex_dividend_date":"Mon Mar 18 00:00:00 CST 2013","moving_avg_200_day":"29.99","chg_from_200_day_moving_avg":"8.8","pct_chg_from_200_day_moving_avg":"0.29359999999999997","moving_avg_50_day":"34.18","chg_from_50_day_moving_avg":"4.61","pct_chg_from_50_day_moving_avg":"0.13470000000000001","shares_outstanding":"5.6461E7","ebitda":"1.2275E8","short_ratio":"18.02","pe_estimate_next_year":"19.2","peg_ratio":"0.0","eps_estimate_next_year":"2.02","eps_estimate_next_quarter":"0.0","eps_estimate_current_quarter":"1.65","psr":"5.34","revenue":"4.0959E8","profit_margin":"0.24812568666227203"},"SPI":{"symbol":"SPI","exchange":"NASDAQ","code":"SPI","name":"阳光动力","current":"0.1360","percentage":"6.67","change":"0.0085","open":"0.147","high":"0.165","low":"0.1352","close":"0.136","last_close":"0.1275","high52week":"2.47","low52week":"0.083","volume":"8707021.0","lot_volume":"8707021.0","volumeAverage":"9130859","marketCapital":"8691286.31","eps":"-0.3","pe_ttm":"","pe_lyr":"","beta":"0.0","totalShares":"63906517","time":"Mon Oct 30 10:31:42 -0400 2017","afterHours":"0.15","afterHoursPct":"18.59","afterHoursChg":"0.02","afterHoursTime":"Mon Oct 30 09:29:53 -0400 2017","updateAt":"1509350320347","dividend":"0.0","yield":"0.0","turnover_rate":"13.62%","instOwn":"0.0","rise_stop":"0.0","fall_stop":"0.0","currency_unit":"USD","amount":"1298216.83","net_assets":"0.2042","hasexist":"","has_warrant":"0","type":"1","flag":"1","rest_day":"","amplitude":"23.37%","market_status":"交易中","lot_size":"1","min_order_quantity":"0","max_order_quantity":"0","tick_size":"0.0001","variable_tick_size":"0.0001 1 0.01","kzz_stock_symbol":"","kzz_stock_name":"","kzz_stock_current":"0.15","kzz_convert_price":"0.0","kzz_covert_value":"0.0","kzz_cpr":"0.0","kzz_putback_price":"0.0","kzz_convert_time":"","kzz_redempt_price":"0.0","kzz_straight_price":"0.0","kzz_stock_percent":"","pb":"0.62","benefit_before_tax":"0.0","benefit_after_tax":"0.0","convert_bond_ratio":"","totalissuescale":"","outstandingamt":"","maturitydate":"","remain_year":"","convertrate":"","interestrtmemo":"","release_date":"","circulation":"0.0","par_value":"0.0","due_time":"0.0","value_date":"","due_date":"","publisher":"","redeem_type":"T","issue_type":"","bond_type":"","warrant":"","sale_rrg":"","rate":"","after_hour_vol":"8707021","float_shares":"48123000","float_market_capital":"6135682.5","disnext_pay_date":"","convert_rate":"","volume_ratio":"0.0","percent5m":"-0.48","pankou_ratio":"64.58%","dividend_pay_date":"","ex_dividend_date":"","moving_avg_200_day":"0.1779","chg_from_200_day_moving_avg":"-0.0504","pct_chg_from_200_day_moving_avg":"-0.283362","moving_avg_50_day":"0.1779","chg_from_50_day_moving_avg":"-0.0504","pct_chg_from_50_day_moving_avg":"-0.283362","shares_outstanding":"6.41665E8","ebitda":"-1.6463E8","short_ratio":"0.07","pe_estimate_next_year":"","peg_ratio":"0.0","eps_estimate_next_year":"","eps_estimate_next_quarter":"0.0","eps_estimate_current_quarter":"","psr":"0.4324","revenue":"1.9603E8","profit_margin":"-1.134853111768607"},"SGOC":{"symbol":"SGOC","exchange":"NASDAQ","code":"SGOC","name":"上为集团","current":"1.21","percentage":"3.42","change":"0.04","open":"1.19","high":"1.23","low":"1.17","close":"1.21","last_close":"1.17","high52week":"3.95","low52week":"0.9","volume":"12020.0","lot_volume":"12020.0","volumeAverage":"20634","marketCapital":"1.135939288E7","eps":"-0.34","pe_ttm":"","pe_lyr":"","beta":"-1.03","totalShares":"9387928","time":"Mon Oct 30 10:29:54 -0400 2017","afterHours":"1.17","afterHoursPct":"0.0","afterHoursChg":"0.0","afterHoursTime":"Mon Oct 30 03:59:39 -0400 2017","updateAt":"1509350319598","dividend":"0.0","yield":"0.0","turnover_rate":"0.13%","instOwn":"1.0","rise_stop":"0.0","fall_stop":"0.0","currency_unit":"USD","amount":"14063.4","net_assets":"10.36","hasexist":"","has_warrant":"0","type":"1","flag":"1","rest_day":"","amplitude":"5.13%","market_status":"交易中","lot_size":"1","min_order_quantity":"0","max_order_quantity":"0","tick_size":"0.05","variable_tick_size":"0.05","kzz_stock_symbol":"","kzz_stock_name":"","kzz_stock_current":"1.2","kzz_convert_price":"0.0","kzz_covert_value":"0.0","kzz_cpr":"0.0","kzz_putback_price":"0.0","kzz_convert_time":"","kzz_redempt_price":"0.0","kzz_straight_price":"0.0","kzz_stock_percent":"","pb":"0.11","benefit_before_tax":"0.0","benefit_after_tax":"0.0","convert_bond_ratio":"","totalissuescale":"","outstandingamt":"","maturitydate":"","remain_year":"","convertrate":"","interestrtmemo":"","release_date":"","circulation":"0.0","par_value":"0.0","due_time":"0.0","value_date":"","due_date":"","publisher":"","redeem_type":"F","issue_type":"0","bond_type":"","warrant":"","sale_rrg":"0","rate":"","after_hour_vol":"12020","float_shares":"3505000","float_market_capital":"4100850.0","disnext_pay_date":"","convert_rate":"","volume_ratio":"0.0","percent5m":"0.0","pankou_ratio":"60.0%","dividend_pay_date":"","ex_dividend_date":"","moving_avg_200_day":"1.3","chg_from_200_day_moving_avg":"-0.13","pct_chg_from_200_day_moving_avg":"-0.1011","moving_avg_50_day":"1.15","chg_from_50_day_moving_avg":"0.02","pct_chg_from_50_day_moving_avg":"0.0196","shares_outstanding":"8367000.0","ebitda":"-2700000.0","short_ratio":"1.2","pe_estimate_next_year":"","peg_ratio":"0.0","eps_estimate_next_year":"","eps_estimate_next_quarter":"0.0","eps_estimate_current_quarter":"","psr":"1.94","revenue":"5070000.0","profit_margin":"-1.1222011834319527"},"UTSI":{"symbol":"UTSI","exchange":"NASDAQ","code":"UTSI","name":"UT斯达康","current":"3.08","percentage":"-1.99","change":"-0.06","open":"3.16","high":"3.16","low":"3.05","close":"3.08","last_close":"3.14","high52week":"3.18","low52week":"1.6","volume":"18813.0","lot_volume":"18813.0","volumeAverage":"133939","marketCapital":"1.1229741908E8","eps":"-0.3","pe_ttm":"","pe_lyr":"112.2974","beta":"-0.3","totalShares":"36460201","time":"Mon Oct 30 10:20:34 -0400 2017","afterHours":"3.14","afterHoursPct":"0.0","afterHoursChg":"0.0","afterHoursTime":"Mon Oct 30 03:59:42 -0400 2017","updateAt":"1509350322935","dividend":"0.0","yield":"0.0","turnover_rate":"0.05%","instOwn":"10.47","rise_stop":"0.0","fall_stop":"0.0","currency_unit":"USD","amount":"57804.82","net_assets":"2.78","hasexist":"","has_warrant":"0","type":"1","flag":"1","rest_day":"","amplitude":"3.50%","market_status":"交易中","lot_size":"1","min_order_quantity":"0","max_order_quantity":"0","tick_size":"0.01","variable_tick_size":"0.0001 1 0.01","kzz_stock_symbol":"","kzz_stock_name":"","kzz_stock_current":"3.16","kzz_convert_price":"0.0","kzz_covert_value":"0.0","kzz_cpr":"0.0","kzz_putback_price":"0.0","kzz_convert_time":"","kzz_redempt_price":"0.0","kzz_straight_price":"0.0","kzz_stock_percent":"","pb":"1.13","benefit_before_tax":"0.0","benefit_after_tax":"0.0","convert_bond_ratio":"","totalissuescale":"","outstandingamt":"","maturitydate":"","remain_year":"","convertrate":"","interestrtmemo":"","release_date":"","circulation":"0.0","par_value":"0.0","due_time":"0.0","value_date":"","due_date":"","publisher":"","redeem_type":"F","issue_type":"","bond_type":"","warrant":"","sale_rrg":"","rate":"","after_hour_vol":"18467","float_shares":"14547000","float_market_capital":"4.567758E7","disnext_pay_date":"","convert_rate":"","volume_ratio":"0.0","percent5m":"-0.47","pankou_ratio":"0.0%","dividend_pay_date":"","ex_dividend_date":"","moving_avg_200_day":"2.28","chg_from_200_day_moving_avg":"0.86","pct_chg_from_200_day_moving_avg":"0.38","moving_avg_50_day":"2.63","chg_from_50_day_moving_avg":"0.51","pct_chg_from_50_day_moving_avg":"0.192","shares_outstanding":"3.5421E7","ebitda":"6110000.0","short_ratio":"0.26","pe_estimate_next_year":"","peg_ratio":"0.0","eps_estimate_next_year":"-0.04","eps_estimate_next_quarter":"0.0","eps_estimate_current_quarter":"-0.01","psr":"1.22","revenue":"9.163E7","profit_margin":"0.06185048564880498"},"RENN":{"symbol":"RENN","exchange":"NYSE","code":"RENN","name":"人人","current":"10.86","percentage":"4.83","change":"0.50","open":"10.35","high":"11.1","low":"10.35","close":"10.86","last_close":"10.36","high52week":"11.5","low52week":"6.01","volume":"146725.0","lot_volume":"146725.0","volumeAverage":"340431","marketCapital":"7.4179773E8","eps":"-2.2","pe_ttm":"","pe_lyr":"","beta":"0.88","totalShares":"68305500","time":"Mon Oct 30 10:30:40 -0400 2017","afterHours":"10.36","afterHoursPct":"0.0","afterHoursChg":"0.0","afterHoursTime":"Mon Oct 30 03:59:38 -0400 2017","updateAt":"1509350318247","dividend":"0.0","yield":"0.0","turnover_rate":"0.21%","instOwn":"1.0","rise_stop":"0.0","fall_stop":"0.0","currency_unit":"USD","amount":"1587564.5","net_assets":"10.41","hasexist":"","has_warrant":"0","type":"1","flag":"1","rest_day":"","amplitude":"7.24%","market_status":"交易中","lot_size":"1","min_order_quantity":"0","max_order_quantity":"0","tick_size":"0.01","variable_tick_size":"0.0001 1 0.01","kzz_stock_symbol":"","kzz_stock_name":"","kzz_stock_current":"10.4","kzz_convert_price":"0.0","kzz_covert_value":"0.0","kzz_cpr":"0.0","kzz_putback_price":"0.0","kzz_convert_time":"","kzz_redempt_price":"0.0","kzz_straight_price":"0.0","kzz_stock_percent":"","pb":"1.0","benefit_before_tax":"0.0","benefit_after_tax":"0.0","convert_bond_ratio":"","totalissuescale":"","outstandingamt":"","maturitydate":"","remain_year":"","convertrate":"","interestrtmemo":"","release_date":"","circulation":"0.0","par_value":"0.0","due_time":"0.0","value_date":"","due_date":"","publisher":"","redeem_type":"T","issue_type":"","bond_type":"","warrant":"","sale_rrg":"","rate":"","after_hour_vol":"146725","float_shares":"15190000","float_market_capital":"1.573684E8","disnext_pay_date":"","convert_rate":"","volume_ratio":"0.0","percent5m":"0.0","pankou_ratio":"-60.0%","dividend_pay_date":"","ex_dividend_date":"","moving_avg_200_day":"7.41","chg_from_200_day_moving_avg":"2.95","pct_chg_from_200_day_moving_avg":"0.39899999999999997","moving_avg_50_day":"8.86","chg_from_50_day_moving_avg":"1.5","pct_chg_from_50_day_moving_avg":"0.16940000000000002","shares_outstanding":"6.852E7","ebitda":"-6.785E7","short_ratio":"7.28","pe_estimate_next_year":"","peg_ratio":"0.0","eps_estimate_next_year":"-1.2","eps_estimate_next_quarter":"0.0","eps_estimate_current_quarter":"-1.46","psr":"8.37","revenue":"8.149E7","profit_margin":"-1.8414382132777027"},"SHI":{"symbol":"SHI","exchange":"NYSE","code":"SHI","name":"上石化","current":"60.95","percentage":"-0.57","change":"-0.35","open":"61.39","high":"61.39","low":"60.95","close":"60.95","last_close":"61.3","high52week":"64.8","low52week":"48.82","volume":"3978.0","lot_volume":"3978.0","volumeAverage":"14496","marketCapital":"2.142435E9","eps":"2.3","pe_ttm":"28.5116","pe_lyr":"7.377","beta":"0.5","totalShares":"34950000","time":"Mon Oct 30 10:20:05 -0400 2017","afterHours":"61.02","afterHoursPct":"-0.46","afterHoursChg":"-0.28","afterHoursTime":"Mon Oct 30 09:29:46 -0400 2017","updateAt":"1509350319648","dividend":"3.257","yield":"5.31","turnover_rate":"0.01%","instOwn":"0.27","rise_stop":"0.0","fall_stop":"0.0","currency_unit":"USD","amount":"242833.43","net_assets":"35.0","hasexist":"","has_warrant":"0","type":"0","flag":"1","rest_day":"","amplitude":"0.72%","market_status":"交易中","lot_size":"1","min_order_quantity":"0","max_order_quantity":"0","tick_size":"0.01","variable_tick_size":"0.0001 1 0.01","kzz_stock_symbol":"","kzz_stock_name":"","kzz_stock_current":"61.18","kzz_convert_price":"0.0","kzz_covert_value":"0.0","kzz_cpr":"0.0","kzz_putback_price":"0.0","kzz_convert_time":"","kzz_redempt_price":"0.0","kzz_straight_price":"0.0","kzz_stock_percent":"","pb":"1.75","benefit_before_tax":"0.0","benefit_after_tax":"0.0","convert_bond_ratio":"","totalissuescale":"","outstandingamt":"","maturitydate":"","remain_year":"","convertrate":"","interestrtmemo":"","release_date":"","circulation":"0.0","par_value":"0.0","due_time":"0.0","value_date":"","due_date":"","publisher":"","redeem_type":"T","issue_type":"","bond_type":"","warrant":"","sale_rrg":"","rate":"","after_hour_vol":"3968","float_shares":"51247000","float_market_capital":"3.1414411E9","disnext_pay_date":"","convert_rate":"","volume_ratio":"0.0","percent5m":"0.0","pankou_ratio":"-33.33%","dividend_pay_date":"Mon Jul 24 00:00:00 CST 2017","ex_dividend_date":"Thu Jun 15 00:00:00 CST 2017","moving_avg_200_day":"58.16","chg_from_200_day_moving_avg":"3.14","pct_chg_from_200_day_moving_avg":"0.053899999999999997","moving_avg_50_day":"61.17","chg_from_50_day_moving_avg":"0.13","pct_chg_from_50_day_moving_avg":"0.0022","shares_outstanding":"1.08E8","ebitda":"1.14E9","short_ratio":"0.61","pe_estimate_next_year":"","peg_ratio":"0.0","eps_estimate_next_year":"0.03","eps_estimate_next_quarter":"0.0","eps_estimate_current_quarter":"-0.03","psr":"0.5","revenue":"1.286E10","profit_margin":"0.0646656298600311"},"SECO":{"symbol":"SECO","exchange":"NASDAQ","code":"SECO","name":"寺库","current":"7.24","percentage":"1.97","change":"0.14","open":"7.0","high":"7.28","low":"6.78","close":"7.24","last_close":"7.1","high52week":"12.7","low52week":"6.61","volume":"662501.0","lot_volume":"662501.0","volumeAverage":"930013","marketCapital":"3.7090305308E8","eps":"0.0","pe_ttm":"","pe_lyr":"","beta":"0.0","totalShares":"51371614","time":"Mon Oct 30 10:31:49 -0400 2017","afterHours":"7.02","afterHoursPct":"-1.13","afterHoursChg":"-0.08","afterHoursTime":"Mon Oct 30 08:52:39 -0400 2017","updateAt":"1509350319432","dividend":"0.0","yield":"0.0","turnover_rate":"1.29%","instOwn":"0.0","rise_stop":"0.0","fall_stop":"0.0","currency_unit":"","amount":"4630881.99","net_assets":"0.0","hasexist":"","has_warrant":"0","type":"1","flag":"1","rest_day":"","amplitude":"7.04%","market_status":"交易中","lot_size":"1","min_order_quantity":"0","max_order_quantity":"0","tick_size":"0.01","variable_tick_size":"0.0001 1 0.01","kzz_stock_symbol":"","kzz_stock_name":"","kzz_stock_current":"7.0","kzz_convert_price":"0.0","kzz_covert_value":"0.0","kzz_cpr":"0.0","kzz_putback_price":"0.0","kzz_convert_time":"","kzz_redempt_price":"0.0","kzz_straight_price":"0.0","kzz_stock_percent":"","pb":"0.0","benefit_before_tax":"0.0","benefit_after_tax":"0.0","convert_bond_ratio":"","totalissuescale":"","outstandingamt":"","maturitydate":"","remain_year":"","convertrate":"","interestrtmemo":"","release_date":"","circulation":"0.0","par_value":"0.0","due_time":"0.0","value_date":"","due_date":"","publisher":"","redeem_type":"T","issue_type":"","bond_type":"","warrant":"","sale_rrg":"","rate":"","after_hour_vol":"662501","float_shares":"","float_market_capital":"0.0","disnext_pay_date":"","convert_rate":"","volume_ratio":"0.0","percent5m":"0.0","pankou_ratio":"81.82%","dividend_pay_date":"","ex_dividend_date":"","moving_avg_200_day":"8.41","chg_from_200_day_moving_avg":"-1.31","pct_chg_from_200_day_moving_avg":"-0.156","moving_avg_50_day":"8.41","chg_from_50_day_moving_avg":"-1.31","pct_chg_from_50_day_moving_avg":"-0.156","shares_outstanding":"4250000.0","ebitda":"0.0","short_ratio":"0.0","pe_estimate_next_year":"","peg_ratio":"0.0","eps_estimate_next_year":"","eps_estimate_next_quarter":"0.0","eps_estimate_current_quarter":"","psr":"","revenue":"","profit_margin":""},"WBAI":{"symbol":"WBAI","exchange":"NYSE","code":"WBAI","name":"500彩票网","current":"10.21","percentage":"-2.39","change":"-0.25","open":"10.48","high":"10.48","low":"10.17","close":"10.21","last_close":"10.46","high52week":"17.53","low52week":"8.12","volume":"67199.0","lot_volume":"67199.0","volumeAverage":"98599","marketCapital":"4.2648074694E8","eps":"-1.07","pe_ttm":"","pe_lyr":"","beta":"0.18","totalShares":"41893983","time":"Mon Oct 30 10:31:55 -0400 2017","afterHours":"10.46","afterHoursPct":"0.0","afterHoursChg":"0.0","afterHoursTime":"Mon Oct 30 03:59:43 -0400 2017","updateAt":"1509350323744","dividend":"0.0","yield":"0.0","turnover_rate":"0.16%","instOwn":"19.0","rise_stop":"0.0","fall_stop":"0.0","currency_unit":"USD","amount":"695509.65","net_assets":"6.02","hasexist":"","has_warrant":"0","type":"1","flag":"1","rest_day":"","amplitude":"2.96%","market_status":"交易中","lot_size":"1","min_order_quantity":"0","max_order_quantity":"0","tick_size":"0.01","variable_tick_size":"0.0001 1 0.01","kzz_stock_symbol":"","kzz_stock_name":"","kzz_stock_current":"10.48","kzz_convert_price":"0.0","kzz_covert_value":"0.0","kzz_cpr":"0.0","kzz_putback_price":"0.0","kzz_convert_time":"","kzz_redempt_price":"0.0","kzz_straight_price":"0.0","kzz_stock_percent":"","pb":"1.74","benefit_before_tax":"0.0","benefit_after_tax":"0.0","convert_bond_ratio":"","totalissuescale":"","outstandingamt":"","maturitydate":"","remain_year":"","convertrate":"","interestrtmemo":"","release_date":"","circulation":"0.0","par_value":"0.0","due_time":"0.0","value_date":"","due_date":"","publisher":"","redeem_type":"T","issue_type":"","bond_type":"","warrant":"","sale_rrg":"","rate":"","after_hour_vol":"67199","float_shares":"15218000","float_market_capital":"1.5918028E8","disnext_pay_date":"","convert_rate":"","volume_ratio":"0.0","percent5m":"0.0","pankou_ratio":"20.0%","dividend_pay_date":"","ex_dividend_date":"","moving_avg_200_day":"10.8","chg_from_200_day_moving_avg":"-0.34","pct_chg_from_200_day_moving_avg":"-0.0315","moving_avg_50_day":"11.09","chg_from_50_day_moving_avg":"-0.63","pct_chg_from_50_day_moving_avg":"-0.057","shares_outstanding":"4.0767E7","ebitda":"-4.271E7","short_ratio":"13.19","pe_estimate_next_year":"","peg_ratio":"0.0","eps_estimate_next_year":"0.26","eps_estimate_next_quarter":"0.0","eps_estimate_current_quarter":"-0.39","psr":"61.41","revenue":"6920000.0","profit_margin":"-4.359476878612717"},"PETZ":{"symbol":"PETZ","exchange":"NASDAQ","code":"PETZ","name":"天地荟","current":"15.54","percentage":"-1.02","change":"-0.16","open":"15.75","high":"18.0","low":"15.0","close":"15.54","last_close":"15.7","high52week":"31.75","low52week":"6.02","volume":"79098.0","lot_volume":"79098.0","volumeAverage":"177104","marketCapital":"1.433565E8","eps":"0.0","pe_ttm":"","pe_lyr":"157.0","beta":"0.0","totalShares":"9225000","time":"Mon Oct 30 10:30:33 -0400 2017","afterHours":"14.57","afterHoursPct":"-7.2","afterHoursChg":"-1.13","afterHoursTime":"Mon Oct 30 04:00:00 -0400 2017","updateAt":"1509350316397","dividend":"0.0","yield":"0.0","turnover_rate":"0.86%","instOwn":"0.0","rise_stop":"0.0","fall_stop":"0.0","currency_unit":"","amount":"1290879.36","net_assets":"0.0","hasexist":"","has_warrant":"0","type":"1","flag":"1","rest_day":"","amplitude":"19.11%","market_status":"交易中","lot_size":"1","min_order_quantity":"0","max_order_quantity":"0","tick_size":"0.01","variable_tick_size":"0.0001 1 0.01","kzz_stock_symbol":"","kzz_stock_name":"","kzz_stock_current":"15.75","kzz_convert_price":"0.0","kzz_covert_value":"0.0","kzz_cpr":"0.0","kzz_putback_price":"0.0","kzz_convert_time":"","kzz_redempt_price":"0.0","kzz_straight_price":"0.0","kzz_stock_percent":"","pb":"0.0","benefit_before_tax":"0.0","benefit_after_tax":"0.0","convert_bond_ratio":"","totalissuescale":"","outstandingamt":"","maturitydate":"","remain_year":"","convertrate":"","interestrtmemo":"","release_date":"","circulation":"0.0","par_value":"0.0","due_time":"0.0","value_date":"","due_date":"","publisher":"","redeem_type":"F","issue_type":"","bond_type":"","warrant":"","sale_rrg":"","rate":"","after_hour_vol":"79098","float_shares":"","float_market_capital":"0.0","disnext_pay_date":"","convert_rate":"","volume_ratio":"0.0","percent5m":"0.0","pankou_ratio":"0.0%","dividend_pay_date":"","ex_dividend_date":"","moving_avg_200_day":"21.19","chg_from_200_day_moving_avg":"-5.49","pct_chg_from_200_day_moving_avg":"-0.2593","moving_avg_50_day":"21.19","chg_from_50_day_moving_avg":"-5.49","pct_chg_from_50_day_moving_avg":"-0.2593","shares_outstanding":"9225000.0","ebitda":"0.0","short_ratio":"0.0","pe_estimate_next_year":"","peg_ratio":"0.0","eps_estimate_next_year":"","eps_estimate_next_quarter":"0.0","eps_estimate_current_quarter":"","psr":"","revenue":"","profit_margin":""},"MOXC":{"symbol":"MOXC","exchange":"NASDAQ","code":"MOXC","name":"Moxian, Inc.","current":"2.36","percentage":"-1.49","change":"-0.04","open":"2.36","high":"2.36","low":"2.36","close":"2.36","last_close":"2.4","high52week":"5.4","low52week":"2.01","volume":"1000.0","lot_volume":"1000.0","volumeAverage":"5704","marketCapital":"1.608173E8","eps":"-0.22","pe_ttm":"","pe_lyr":"","beta":"-0.48","totalShares":"67007000","time":"Mon Oct 30 10:18:36 -0400 2017","afterHours":"2.4","afterHoursPct":"0.0","afterHoursChg":"0.0","afterHoursTime":"Mon Oct 30 03:59:33 -0400 2017","updateAt":"1509350313297","dividend":"0.0","yield":"0.0","turnover_rate":"","instOwn":"0.0","rise_stop":"0.0","fall_stop":"0.0","currency_unit":"USD","amount":"2440.0","net_assets":"0.0","hasexist":"","has_warrant":"0","type":"0","flag":"1","rest_day":"","amplitude":"","market_status":"交易中","lot_size":"1","min_order_quantity":"0","max_order_quantity":"0","tick_size":"0.01","variable_tick_size":"0.0001 1 0.01","kzz_stock_symbol":"","kzz_stock_name":"","kzz_stock_current":"2.36","kzz_convert_price":"0.0","kzz_covert_value":"0.0","kzz_cpr":"0.0","kzz_putback_price":"0.0","kzz_convert_time":"","kzz_redempt_price":"0.0","kzz_straight_price":"0.0","kzz_stock_percent":"","pb":"-1235.0","benefit_before_tax":"0.0","benefit_after_tax":"0.0","convert_bond_ratio":"","totalissuescale":"","outstandingamt":"","maturitydate":"","remain_year":"","convertrate":"","interestrtmemo":"","release_date":"","circulation":"0.0","par_value":"0.0","due_time":"0.0","value_date":"","due_date":"","publisher":"","redeem_type":"F","issue_type":"","bond_type":"","warrant":"","sale_rrg":"","rate":"","after_hour_vol":"1000","float_shares":"883000","float_market_capital":"2119200.0","disnext_pay_date":"","convert_rate":"","volume_ratio":"0.0","percent5m":"0.0","pankou_ratio":"33.33%","dividend_pay_date":"","ex_dividend_date":"","moving_avg_200_day":"2.97","chg_from_200_day_moving_avg":"-0.57","pct_chg_from_200_day_moving_avg":"-0.1909","moving_avg_50_day":"2.68","chg_from_50_day_moving_avg":"-0.28","pct_chg_from_50_day_moving_avg":"-0.1051","shares_outstanding":"6.7007E7","ebitda":"-8760000.0","short_ratio":"4.99","pe_estimate_next_year":"","peg_ratio":"0.0","eps_estimate_next_year":"","eps_estimate_next_quarter":"0.0","eps_estimate_current_quarter":"","psr":"3366.98","revenue":"48758.0","profit_margin":"-316.08371959473317"},"SMI":{"symbol":"SMI","exchange":"NYSE","code":"SMI","name":"中芯国际","current":"7.40","percentage":"5.55","change":"0.39","open":"7.32","high":"7.43","low":"7.32","close":"7.4","last_close":"7.01","high52week":"7.74","low52week":"4.49","volume":"239797.0","lot_volume":"239797.0","volumeAverage":"285046","marketCapital":"6.88440426E9","eps":"0.3","pe_ttm":"24.6667","pe_lyr":"18.261","beta":"0.29","totalShares":"930324900","time":"Mon Oct 30 10:31:42 -0400 2017","afterHours":"7.36","afterHoursPct":"4.97","afterHoursChg":"0.35","afterHoursTime":"Mon Oct 30 08:05:00 -0400 2017","updateAt":"1509350320025","dividend":"0.0","yield":"0.0","turnover_rate":"0.03%","instOwn":"2.58","rise_stop":"0.0","fall_stop":"0.0","currency_unit":"USD","amount":"1769701.86","net_assets":"5.05","hasexist":"","has_warrant":"0","type":"1","flag":"1","rest_day":"","amplitude":"1.57%","market_status":"交易中","lot_size":"1","min_order_quantity":"0","max_order_quantity":"0","tick_size":"0.01","variable_tick_size":"0.0001 1 0.01","kzz_stock_symbol":"","kzz_stock_name":"","kzz_stock_current":"7.32","kzz_convert_price":"0.0","kzz_covert_value":"0.0","kzz_cpr":"0.0","kzz_putback_price":"0.0","kzz_convert_time":"","kzz_redempt_price":"0.0","kzz_straight_price":"0.0","kzz_stock_percent":"","pb":"1.39","benefit_before_tax":"0.0","benefit_after_tax":"0.0","convert_bond_ratio":"","totalissuescale":"","outstandingamt":"","maturitydate":"","remain_year":"","convertrate":"","interestrtmemo":"","release_date":"","circulation":"0.0","par_value":"0.0","due_time":"0.0","value_date":"","due_date":"","publisher":"","redeem_type":"T","issue_type":"","bond_type":"","warrant":"","sale_rrg":"","rate":"","after_hour_vol":"239797","float_shares":"632368000","float_market_capital":"4.43289968E9","disnext_pay_date":"","convert_rate":"","volume_ratio":"0.0","percent5m":"0.0","pankou_ratio":"-50.0%","dividend_pay_date":"","ex_dividend_date":"","moving_avg_200_day":"5.54","chg_from_200_day_moving_avg":"1.47","pct_chg_from_200_day_moving_avg":"0.2646","moving_avg_50_day":"5.87","chg_from_50_day_moving_avg":"1.14","pct_chg_from_50_day_moving_avg":"0.19440000000000002","shares_outstanding":"1.1E9","ebitda":"1.14E9","short_ratio":"3.2","pe_estimate_next_year":"33.38","peg_ratio":"-6.14","eps_estimate_next_year":"0.21","eps_estimate_next_quarter":"0.06","eps_estimate_current_quarter":"0.14","psr":"2.38","revenue":"3.13E9","profit_margin":"0.1194888178913738"},"SINA":{"symbol":"SINA","exchange":"NASDAQ","code":"SINA","name":"新浪","current":"106.04","percentage":"0.99","change":"1.04","open":"104.01","high":"107.33","low":"104.01","close":"106.04","last_close":"105.0","high52week":"119.2","low52week":"60.46","volume":"244986.0","lot_volume":"244986.0","volumeAverage":"828671","marketCapital":"7.57353586E9","eps":"3.01","pe_ttm":"35.2292","pe_lyr":"33.6602","beta":"1.18","totalShares":"71421500","time":"Mon Oct 30 10:30:58 -0400 2017","afterHours":"105.0","afterHoursPct":"0.0","afterHoursChg":"0.0","afterHoursTime":"Mon Oct 30 09:20:43 -0400 2017","updateAt":"1509350319775","dividend":"0.0","yield":"0.0","turnover_rate":"0.34%","instOwn":"82.76","rise_stop":"0.0","fall_stop":"0.0","currency_unit":"USD","amount":"2.607067516E7","net_assets":"37.64","hasexist":"","has_warrant":"0","type":"1","flag":"1","rest_day":"","amplitude":"3.16%","market_status":"交易中","lot_size":"1","min_order_quantity":"0","max_order_quantity":"0","tick_size":"0.01","variable_tick_size":"0.0001 1 0.01","kzz_stock_symbol":"","kzz_stock_name":"","kzz_stock_current":"104.01","kzz_convert_price":"0.0","kzz_covert_value":"0.0","kzz_cpr":"0.0","kzz_putback_price":"0.0","kzz_convert_time":"","kzz_redempt_price":"0.0","kzz_straight_price":"0.0","kzz_stock_percent":"","pb":"2.79","benefit_before_tax":"0.0","benefit_after_tax":"0.0","convert_bond_ratio":"","totalissuescale":"","outstandingamt":"","maturitydate":"","remain_year":"","convertrate":"","interestrtmemo":"","release_date":"","circulation":"0.0","par_value":"0.0","due_time":"0.0","value_date":"","due_date":"","publisher":"","redeem_type":"T","issue_type":"","bond_type":"","warrant":"","sale_rrg":"","rate":"","after_hour_vol":"244982","float_shares":"61294000","float_market_capital":"6.43587E9","disnext_pay_date":"","convert_rate":"","volume_ratio":"0.0","percent5m":"-0.29","pankou_ratio":"33.33%","dividend_pay_date":"","ex_dividend_date":"","moving_avg_200_day":"96.47","chg_from_200_day_moving_avg":"8.53","pct_chg_from_200_day_moving_avg":"0.0885","moving_avg_50_day":"113.85","chg_from_50_day_moving_avg":"-8.85","pct_chg_from_50_day_moving_avg":"-0.07780000000000001","shares_outstanding":"7.1196E7","ebitda":"2.65149999E8","short_ratio":"0.85","pe_estimate_next_year":"26.38","peg_ratio":"-1.8","eps_estimate_next_year":"3.99","eps_estimate_next_quarter":"0.9","eps_estimate_current_quarter":"2.92","psr":"6.12","revenue":"1.23E9","profit_margin":"0.17654292682926828"},"SORL":{"symbol":"SORL","exchange":"NASDAQ","code":"SORL","name":"瑞立集团","current":"4.73","percentage":"2.6","change":"0.12","open":"4.61","high":"4.79","low":"4.61","close":"4.73","last_close":"4.61","high52week":"9.74","low52week":"2.68","volume":"41530.0","lot_volume":"41530.0","volumeAverage":"450876","marketCapital":"9.131227633E7","eps":"1.27","pe_ttm":"3.7244","pe_lyr":"4.8059","beta":"1.66","totalShares":"19304921","time":"Mon Oct 30 10:30:05 -0400 2017","afterHours":"4.61","afterHoursPct":"0.0","afterHoursChg":"0.0","afterHoursTime":"Mon Oct 30 03:59:40 -0400 2017","updateAt":"1509350320256","dividend":"0.0","yield":"0.0","turnover_rate":"0.22%","instOwn":"9.97","rise_stop":"0.0","fall_stop":"0.0","currency_unit":"USD","amount":"194015.7","net_assets":"8.06","hasexist":"","has_warrant":"0","type":"1","flag":"1","rest_day":"","amplitude":"3.90%","market_status":"交易中","lot_size":"1","min_order_quantity":"0","max_order_quantity":"0","tick_size":"0.01","variable_tick_size":"0.0001 1 0.01","kzz_stock_symbol":"","kzz_stock_name":"","kzz_stock_current":"4.61","kzz_convert_price":"0.0","kzz_covert_value":"0.0","kzz_cpr":"0.0","kzz_putback_price":"0.0","kzz_convert_time":"","kzz_redempt_price":"0.0","kzz_straight_price":"0.0","kzz_stock_percent":"","pb":"0.57","benefit_before_tax":"0.0","benefit_after_tax":"0.0","convert_bond_ratio":"","totalissuescale":"","outstandingamt":"","maturitydate":"","remain_year":"","convertrate":"","interestrtmemo":"","release_date":"","circulation":"0.0","par_value":"0.0","due_time":"0.0","value_date":"","due_date":"","publisher":"","redeem_type":"F","issue_type":"","bond_type":"","warrant":"","sale_rrg":"","rate":"","after_hour_vol":"41513","float_shares":"7945000","float_market_capital":"3.662645E7","disnext_pay_date":"","convert_rate":"","volume_ratio":"0.0","percent5m":"0.58","pankou_ratio":"33.33%","dividend_pay_date":"","ex_dividend_date":"","moving_avg_200_day":"5.77","chg_from_200_day_moving_avg":"-1.16","pct_chg_from_200_day_moving_avg":"-0.2014","moving_avg_50_day":"4.42","chg_from_50_day_moving_avg":"0.19","pct_chg_from_50_day_moving_avg":"0.0438","shares_outstanding":"1.9304E7","ebitda":"4.081E7","short_ratio":"2.34","pe_estimate_next_year":"3.39","peg_ratio":"0.73","eps_estimate_next_year":"1.36","eps_estimate_next_quarter":"0.41","eps_estimate_current_quarter":"1.26","psr":"0.29","revenue":"3.0886E8","profit_margin":"0.07875101987955709"},"SINO":{"symbol":"SINO","exchange":"NASDAQ","code":"SINO","name":"中环球船务","current":"2.81","percentage":"-0.21","change":"-0.01","open":"2.83","high":"2.86","low":"2.8","close":"2.81","last_close":"2.8","high52week":"14.2","low52week":"0.76","volume":"6635.0","lot_volume":"6635.0","volumeAverage":"180701","marketCapital":"2.82955E7","eps":"0.41","pe_ttm":"6.8293","pe_lyr":"6.8293","beta":"3.22","totalShares":"10106000","time":"Mon Oct 30 10:29:24 -0400 2017","afterHours":"2.8","afterHoursPct":"0.0","afterHoursChg":"0.0","afterHoursTime":"Mon Oct 30 03:59:39 -0400 2017","updateAt":"1509350319778","dividend":"0.0","yield":"0.0","turnover_rate":"0.07%","instOwn":"1.0","rise_stop":"0.0","fall_stop":"0.0","currency_unit":"USD","amount":"18909.75","net_assets":"1.93","hasexist":"","has_warrant":"0","type":"1","flag":"1","rest_day":"","amplitude":"2.14%","market_status":"交易中","lot_size":"1","min_order_quantity":"0","max_order_quantity":"0","tick_size":"0.01","variable_tick_size":"0.0001 1 0.01","kzz_stock_symbol":"","kzz_stock_name":"","kzz_stock_current":"2.8","kzz_convert_price":"0.0","kzz_covert_value":"0.0","kzz_cpr":"0.0","kzz_putback_price":"0.0","kzz_convert_time":"","kzz_redempt_price":"0.0","kzz_straight_price":"0.0","kzz_stock_percent":"","pb":"1.45","benefit_before_tax":"0.0","benefit_after_tax":"0.0","convert_bond_ratio":"","totalissuescale":"","outstandingamt":"","maturitydate":"","remain_year":"","convertrate":"","interestrtmemo":"","release_date":"","circulation":"0.0","par_value":"0.0","due_time":"0.0","value_date":"","due_date":"","publisher":"","redeem_type":"F","issue_type":"","bond_type":"","warrant":"","sale_rrg":"","rate":"","after_hour_vol":"6635","float_shares":"6130000","float_market_capital":"1.7164E7","disnext_pay_date":"","convert_rate":"","volume_ratio":"0.0","percent5m":"-0.34","pankou_ratio":"66.67%","dividend_pay_date":"","ex_dividend_date":"","moving_avg_200_day":"3.03","chg_from_200_day_moving_avg":"-0.23","pct_chg_from_200_day_moving_avg":"-0.07490000000000001","moving_avg_50_day":"3.08","chg_from_50_day_moving_avg":"-0.28","pct_chg_from_50_day_moving_avg":"-0.0902","shares_outstanding":"1.0105E7","ebitda":"3340000.0","short_ratio":"6.29","pe_estimate_next_year":"","peg_ratio":"0.0","eps_estimate_next_year":"","eps_estimate_next_quarter":"0.0","eps_estimate_current_quarter":"","psr":"2.43","revenue":"1.145E7","profit_margin":"0.36183842794759824"},"SYMX":{"symbol":"SYMX","exchange":"NASDAQ","code":"SYMX","name":"Synthesis Energy Systems, Inc.","current":"0.4224","percentage":"-4.0","change":"-0.0176","open":"0.4348","high":"0.4348","low":"0.4101","close":"0.4224","last_close":"0.44","high52week":"1.28","low52week":"0.335","volume":"29876.0","lot_volume":"29876.0","volumeAverage":"226560","marketCapital":"3.85187E7","eps":"-0.32","pe_ttm":"","pe_lyr":"","beta":"0.5","totalShares":"87542000","time":"Mon Oct 30 10:10:03 -0400 2017","afterHours":"0.44","afterHoursPct":"0.0","afterHoursChg":"0.0","afterHoursTime":"Mon Oct 30 03:59:40 -0400 2017","updateAt":"1509350321070","dividend":"0.0","yield":"0.0","turnover_rate":"0.03%","instOwn":"14.0","rise_stop":"0.0","fall_stop":"0.0","currency_unit":"USD","amount":"12389.58","net_assets":"0.39","hasexist":"","has_warrant":"0","type":"0","flag":"1","rest_day":"","amplitude":"5.61%","market_status":"交易中","lot_size":"1","min_order_quantity":"0","max_order_quantity":"0","tick_size":"0.0001","variable_tick_size":"0.0001 1 0.01","kzz_stock_symbol":"","kzz_stock_name":"","kzz_stock_current":"0.42","kzz_convert_price":"0.0","kzz_covert_value":"0.0","kzz_cpr":"0.0","kzz_putback_price":"0.0","kzz_convert_time":"","kzz_redempt_price":"0.0","kzz_straight_price":"0.0","kzz_stock_percent":"","pb":"1.13","benefit_before_tax":"0.0","benefit_after_tax":"0.0","convert_bond_ratio":"","totalissuescale":"","outstandingamt":"","maturitydate":"","remain_year":"","convertrate":"","interestrtmemo":"","release_date":"","circulation":"0.0","par_value":"0.0","due_time":"0.0","value_date":"","due_date":"","publisher":"","redeem_type":"F","issue_type":"","bond_type":"","warrant":"","sale_rrg":"","rate":"","after_hour_vol":"29876","float_shares":"62856000","float_market_capital":"2.765664E7","disnext_pay_date":"","convert_rate":"","volume_ratio":"0.0","percent5m":"0.66","pankou_ratio":"-15.33%","dividend_pay_date":"","ex_dividend_date":"","moving_avg_200_day":"0.58","chg_from_200_day_moving_avg":"-0.14","pct_chg_from_200_day_moving_avg":"-0.2465","moving_avg_50_day":"0.48","chg_from_50_day_moving_avg":"-0.04","pct_chg_from_50_day_moving_avg":"-0.0748","shares_outstanding":"8.731E7","ebitda":"-1.242E7","short_ratio":"3.67","pe_estimate_next_year":"","peg_ratio":"0.0","eps_estimate_next_year":"","eps_estimate_next_quarter":"0.0","eps_estimate_current_quarter":"-0.12","psr":"6.78","revenue":"5670000.0","profit_margin":"-3.0797178130511464"},"SVA":{"symbol":"SVA","exchange":"NASDAQ","code":"SVA","name":"科兴生物","current":"7.06","percentage":"0.57","change":"0.04","open":"7.03","high":"7.08","low":"7.02","close":"7.06","last_close":"7.02","high52week":"7.16","low52week":"4.6","volume":"98282.0","lot_volume":"98282.0","volumeAverage":"77685","marketCapital":"4.0176032066E8","eps":"-0.02","pe_ttm":"","pe_lyr":"","beta":"0.0","totalShares":"56906561","time":"Mon Oct 30 10:21:27 -0400 2017","afterHours":"7.02","afterHoursPct":"0.0","afterHoursChg":"0.0","afterHoursTime":"Mon Oct 30 03:59:40 -0400 2017","updateAt":"1509350320938","dividend":"0.0","yield":"0.0","turnover_rate":"0.17%","instOwn":"34.0","rise_stop":"0.0","fall_stop":"0.0","currency_unit":"USD","amount":"690922.46","net_assets":"2.02","hasexist":"","has_warrant":"0","type":"1","flag":"1","rest_day":"","amplitude":"0.85%","market_status":"交易中","lot_size":"1","min_order_quantity":"0","max_order_quantity":"0","tick_size":"0.01","variable_tick_size":"0.0001 1 0.01","kzz_stock_symbol":"","kzz_stock_name":"","kzz_stock_current":"7.03","kzz_convert_price":"0.0","kzz_covert_value":"0.0","kzz_cpr":"0.0","kzz_putback_price":"0.0","kzz_convert_time":"","kzz_redempt_price":"0.0","kzz_straight_price":"0.0","kzz_stock_percent":"","pb":"3.48","benefit_before_tax":"0.0","benefit_after_tax":"0.0","convert_bond_ratio":"","totalissuescale":"","outstandingamt":"","maturitydate":"","remain_year":"","convertrate":"","interestrtmemo":"","release_date":"","circulation":"0.0","par_value":"0.0","due_time":"0.0","value_date":"","due_date":"","publisher":"","redeem_type":"F","issue_type":"0","bond_type":"","warrant":"","sale_rrg":"0","rate":"","after_hour_vol":"98282","float_shares":"27351000","float_market_capital":"1.9200402E8","disnext_pay_date":"","convert_rate":"","volume_ratio":"0.0","percent5m":"0.42","pankou_ratio":"0.0%","dividend_pay_date":"","ex_dividend_date":"","moving_avg_200_day":"6.3","chg_from_200_day_moving_avg":"0.72","pct_chg_from_200_day_moving_avg":"0.11349999999999999","moving_avg_50_day":"6.97","chg_from_50_day_moving_avg":"0.05","pct_chg_from_50_day_moving_avg":"0.0067","shares_outstanding":"5.6968E7","ebitda":"-837000.0","short_ratio":"1.53","pe_estimate_next_year":"","peg_ratio":"0.0","eps_estimate_next_year":"0.05","eps_estimate_next_quarter":"0.0","eps_estimate_current_quarter":"-0.05","psr":"6.26","revenue":"6.4019999E7","profit_margin":"-0.07118775493889026"},"WINS":{"symbol":"WINS","exchange":"NASDAQ","code":"WINS","name":"稳盛金融","current":"205.01","percentage":"0.0","change":"0.00","open":"0.0","high":"0.0","low":"0.0","close":"205.01","last_close":"205.01","high52week":"465.0","low52week":"10.34","volume":"0.0","lot_volume":"0.0","volumeAverage":"0","marketCapital":"4.066915E9","eps":"0.61","pe_ttm":"336.082","pe_lyr":"336.082","beta":"0.0","totalShares":"19838000","time":"Wed Jun 07 12:53:00 -0400 2017","afterHours":"205.01","afterHoursPct":"0.0","afterHoursChg":"0.0","afterHoursTime":"Mon Oct 30 03:59:43 -0400 2017","updateAt":"1509350323962","dividend":"0.0","yield":"0.0","turnover_rate":"","instOwn":"0.0","rise_stop":"0.0","fall_stop":"0.0","currency_unit":"USD","amount":"0.0","net_assets":"12.22","hasexist":"","has_warrant":"0","type":"1","flag":"2","rest_day":"","amplitude":"","market_status":"交易中","lot_size":"1","min_order_quantity":"0","max_order_quantity":"0","tick_size":"0.01","variable_tick_size":"0.0001 1 0.01","kzz_stock_symbol":"","kzz_stock_name":"","kzz_stock_current":"158.74","kzz_convert_price":"0.0","kzz_covert_value":"0.0","kzz_cpr":"0.0","kzz_putback_price":"0.0","kzz_convert_time":"","kzz_redempt_price":"0.0","kzz_straight_price":"0.0","kzz_stock_percent":"","pb":"16.78","benefit_before_tax":"0.0","benefit_after_tax":"0.0","convert_bond_ratio":"","totalissuescale":"","outstandingamt":"","maturitydate":"","remain_year":"","convertrate":"","interestrtmemo":"","release_date":"","circulation":"0.0","par_value":"0.0","due_time":"0.0","value_date":"","due_date":"","publisher":"","redeem_type":"F","issue_type":"0","bond_type":"","warrant":"","sale_rrg":"0","rate":"","after_hour_vol":"0","float_shares":"16052000","float_market_capital":"3.29082052E9","disnext_pay_date":"","convert_rate":"","volume_ratio":"0.0","percent5m":"0.0","pankou_ratio":"-34.21%","dividend_pay_date":"","ex_dividend_date":"","moving_avg_200_day":"160.52","chg_from_200_day_moving_avg":"44.49","pct_chg_from_200_day_moving_avg":"0.2772","moving_avg_50_day":"205.01","chg_from_50_day_moving_avg":"0.0","pct_chg_from_50_day_moving_avg":"0.0","shares_outstanding":"1.9837E7","ebitda":"1.928E7","short_ratio":"4.78","pe_estimate_next_year":"","peg_ratio":"0.0","eps_estimate_next_year":"","eps_estimate_next_quarter":"0.0","eps_estimate_current_quarter":"0.25","psr":"70.3","revenue":"2.286E7","profit_margin":"0.6768530183727034"},"TANH":{"symbol":"TANH","exchange":"NASDAQ","code":"TANH","name":"Tantech Holdings Ltd.","current":"2.75","percentage":"2.61","change":"0.07","open":"2.72","high":"2.75","low":"2.6","close":"2.75","last_close":"2.68","high52week":"4.54","low52week":"1.0","volume":"63744.0","lot_volume":"63744.0","volumeAverage":"614835","marketCapital":"7.69247E7","eps":"0.19","pe_ttm":"14.1053","pe_lyr":"14.1053","beta":"0.0","totalShares":"28703000","time":"Mon Oct 30 10:31:54 -0400 2017","afterHours":"2.72","afterHoursPct":"1.49","afterHoursChg":"0.04","afterHoursTime":"Mon Oct 30 09:29:40 -0400 2017","updateAt":"1509350321163","dividend":"0.0","yield":"0.0","turnover_rate":"0.22%","instOwn":"0.0","rise_stop":"0.0","fall_stop":"0.0","currency_unit":"USD","amount":"167646.72","net_assets":"3.3","hasexist":"","has_warrant":"0","type":"0","flag":"1","rest_day":"","amplitude":"5.60%","market_status":"交易中","lot_size":"1","min_order_quantity":"0","max_order_quantity":"0","tick_size":"0.01","variable_tick_size":"0.0001 1 0.01","kzz_stock_symbol":"","kzz_stock_name":"","kzz_stock_current":"2.69","kzz_convert_price":"0.0","kzz_covert_value":"0.0","kzz_cpr":"0.0","kzz_putback_price":"0.0","kzz_convert_time":"","kzz_redempt_price":"0.0","kzz_straight_price":"0.0","kzz_stock_percent":"","pb":"0.81","benefit_before_tax":"0.0","benefit_after_tax":"0.0","convert_bond_ratio":"","totalissuescale":"","outstandingamt":"","maturitydate":"","remain_year":"","convertrate":"","interestrtmemo":"","release_date":"","circulation":"0.0","par_value":"0.0","due_time":"0.0","value_date":"","due_date":"","publisher":"","redeem_type":"F","issue_type":"0","bond_type":"","warrant":"","sale_rrg":"0","rate":"","after_hour_vol":"63744","float_shares":"10564000","float_market_capital":"2.831152E7","disnext_pay_date":"","convert_rate":"","volume_ratio":"0.0","percent5m":"0.86","pankou_ratio":"-90.48%","dividend_pay_date":"","ex_dividend_date":"","moving_avg_200_day":"3.23","chg_from_200_day_moving_avg":"-0.55","pct_chg_from_200_day_moving_avg":"-0.1697","moving_avg_50_day":"3.23","chg_from_50_day_moving_avg":"-0.55","pct_chg_from_50_day_moving_avg":"-0.1697","shares_outstanding":"2.4311E7","ebitda":"7660000.0","short_ratio":"0.24","pe_estimate_next_year":"","peg_ratio":"0.0","eps_estimate_next_year":"","eps_estimate_next_quarter":"0.0","eps_estimate_current_quarter":"","psr":"1.4","revenue":"4.767E7","profit_margin":"0.09689720998531572"},"NQ":{"symbol":"NQ","exchange":"NYSE","code":"NQ","name":"网秦","current":"3.73","percentage":"-8.35","change":"-0.34","open":"3.99","high":"4.03","low":"3.71","close":"3.73","last_close":"4.07","high52week":"4.4","low52week":"3.06","volume":"318411.0","lot_volume":"318411.0","volumeAverage":"380775","marketCapital":"3.4266682313E8","eps":"0.11","pe_ttm":"33.9091","pe_lyr":"","beta":"1.54","totalShares":"91867781","time":"Mon Oct 30 10:31:40 -0400 2017","afterHours":"4.07","afterHoursPct":"0.0","afterHoursChg":"0.0","afterHoursTime":"Mon Oct 30 03:59:34 -0400 2017","updateAt":"1509350314705","dividend":"0.0","yield":"0.0","turnover_rate":"0.35%","instOwn":"3.0","rise_stop":"0.0","fall_stop":"0.0","currency_unit":"USD","amount":"1241802.9","net_assets":"3.87","hasexist":"","has_warrant":"0","type":"1","flag":"1","rest_day":"","amplitude":"7.86%","market_status":"交易中","lot_size":"1","min_order_quantity":"0","max_order_quantity":"0","tick_size":"0.01","variable_tick_size":"0.0001 1 0.01","kzz_stock_symbol":"","kzz_stock_name":"","kzz_stock_current":"3.99","kzz_convert_price":"0.0","kzz_covert_value":"0.0","kzz_cpr":"0.0","kzz_putback_price":"0.0","kzz_convert_time":"","kzz_redempt_price":"0.0","kzz_straight_price":"0.0","kzz_stock_percent":"","pb":"1.05","benefit_before_tax":"0.0","benefit_after_tax":"0.0","convert_bond_ratio":"","totalissuescale":"","outstandingamt":"","maturitydate":"","remain_year":"","convertrate":"","interestrtmemo":"","release_date":"","circulation":"0.0","par_value":"0.0","due_time":"0.0","value_date":"","due_date":"","publisher":"","redeem_type":"T","issue_type":"","bond_type":"","warrant":"","sale_rrg":"","rate":"","after_hour_vol":"318411","float_shares":"97246000","float_market_capital":"3.9579122E8","disnext_pay_date":"","convert_rate":"","volume_ratio":"0.0","percent5m":"-0.27","pankou_ratio":"86.67%","dividend_pay_date":"","ex_dividend_date":"","moving_avg_200_day":"3.54","chg_from_200_day_moving_avg":"0.53","pct_chg_from_200_day_moving_avg":"0.1506","moving_avg_50_day":"3.55","chg_from_50_day_moving_avg":"0.52","pct_chg_from_50_day_moving_avg":"0.1475","shares_outstanding":"1.07806E8","ebitda":"2270000.0","short_ratio":"13.5","pe_estimate_next_year":"","peg_ratio":"0.0","eps_estimate_next_year":"0.46","eps_estimate_next_quarter":"0.0","eps_estimate_current_quarter":"0.23","psr":"1.24","revenue":"3.4305E8","profit_margin":"-0.4053920419763883"},"NTP":{"symbol":"NTP","exchange":"NYSE","code":"NTP","name":"南太地产","current":"12.30","percentage":"1.86","change":"0.23","open":"12.1","high":"12.4","low":"12.08","close":"12.3","last_close":"12.08","high52week":"12.55","low52week":"6.79","volume":"22618.0","lot_volume":"22618.0","volumeAverage":"88043","marketCapital":"4.400938E8","eps":"-0.26","pe_ttm":"","pe_lyr":"","beta":"0.12","totalShares":"36447000","time":"Mon Oct 30 10:17:28 -0400 2017","afterHours":"12.08","afterHoursPct":"0.0","afterHoursChg":"0.0","afterHoursTime":"Mon Oct 30 03:59:34 -0400 2017","updateAt":"1509350314967","dividend":"0.28","yield":"2.32","turnover_rate":"0.06%","instOwn":"29.24","rise_stop":"0.0","fall_stop":"0.0","currency_unit":"USD","amount":"275837.82","net_assets":"6.678","hasexist":"","has_warrant":"0","type":"1","flag":"1","rest_day":"","amplitude":"2.65%","market_status":"交易中","lot_size":"1","min_order_quantity":"0","max_order_quantity":"0","tick_size":"0.05","variable_tick_size":"0.05","kzz_stock_symbol":"","kzz_stock_name":"","kzz_stock_current":"12.09","kzz_convert_price":"0.0","kzz_covert_value":"0.0","kzz_cpr":"0.0","kzz_putback_price":"0.0","kzz_convert_time":"","kzz_redempt_price":"0.0","kzz_straight_price":"0.0","kzz_stock_percent":"","pb":"1.81","benefit_before_tax":"0.0","benefit_after_tax":"0.0","convert_bond_ratio":"","totalissuescale":"","outstandingamt":"","maturitydate":"","remain_year":"","convertrate":"","interestrtmemo":"","release_date":"","circulation":"0.0","par_value":"0.0","due_time":"0.0","value_date":"","due_date":"","publisher":"","redeem_type":"T","issue_type":"0","bond_type":"","warrant":"","sale_rrg":"1","rate":"","after_hour_vol":"22523","float_shares":"22033000","float_market_capital":"2.6615864E8","disnext_pay_date":"","convert_rate":"","volume_ratio":"0.0","percent5m":"-0.36","pankou_ratio":"0.0%","dividend_pay_date":"Fri Oct 20 00:00:00 CST 2017","ex_dividend_date":"Thu Sep 28 00:00:00 CST 2017","moving_avg_200_day":"9.421","chg_from_200_day_moving_avg":"2.654","pct_chg_from_200_day_moving_avg":"0.28172","moving_avg_50_day":"11.197","chg_from_50_day_moving_avg":"0.878","pct_chg_from_50_day_moving_avg":"0.07844000000000001","shares_outstanding":"3.6575E7","ebitda":"-6520000.0","short_ratio":"1.54","pe_estimate_next_year":"","peg_ratio":"0.0","eps_estimate_next_year":"","eps_estimate_next_quarter":"0.0","eps_estimate_current_quarter":"","psr":"184.275","revenue":"2350000.0","profit_margin":"-1.2295425531914894"},"SVM":{"symbol":"SVM","exchange":"AMEX","code":"SVM","name":"希尔威","current":"2.49","percentage":"2.35","change":"0.06","open":"2.42","high":"2.49","low":"2.42","close":"2.49","last_close":"2.43","high52week":"4.5","low52week":"2.07","volume":"88301.0","lot_volume":"88301.0","volumeAverage":"251464","marketCapital":"4.2537618192E8","eps":"-0.15","pe_ttm":"","pe_lyr":"9.6676","beta":"1.31","totalShares":"170833808","time":"Mon Oct 30 10:28:38 -0400 2017","afterHours":"2.43","afterHoursPct":"0.0","afterHoursChg":"0.0","afterHoursTime":"Mon Oct 30 03:59:40 -0400 2017","updateAt":"1509350320947","dividend":"0.02","yield":"0.82","turnover_rate":"0.05%","instOwn":"27.25","rise_stop":"0.0","fall_stop":"0.0","currency_unit":"USD","amount":"218103.47","net_assets":"1.66","hasexist":"","has_warrant":"0","type":"1","flag":"1","rest_day":"","amplitude":"2.88%","market_status":"交易中","lot_size":"1","min_order_quantity":"0","max_order_quantity":"0","tick_size":"0.01","variable_tick_size":"0.0001 1 0.01","kzz_stock_symbol":"","kzz_stock_name":"","kzz_stock_current":"2.42","kzz_convert_price":"0.0","kzz_covert_value":"0.0","kzz_cpr":"0.0","kzz_putback_price":"0.0","kzz_convert_time":"","kzz_redempt_price":"0.0","kzz_straight_price":"0.0","kzz_stock_percent":"","pb":"1.46","benefit_before_tax":"0.0","benefit_after_tax":"0.0","convert_bond_ratio":"","totalissuescale":"","outstandingamt":"","maturitydate":"","remain_year":"","convertrate":"","interestrtmemo":"","release_date":"","circulation":"0.0","par_value":"0.0","due_time":"0.0","value_date":"","due_date":"","publisher":"","redeem_type":"T","issue_type":"","bond_type":"","warrant":"","sale_rrg":"","rate":"","after_hour_vol":"88301","float_shares":"161955000","float_market_capital":"3.9355065E8","disnext_pay_date":"","convert_rate":"","volume_ratio":"0.0","percent5m":"-0.33","pankou_ratio":"-86.36%","dividend_pay_date":"Fri Jun 30 00:00:00 CST 2017","ex_dividend_date":"Wed Jun 07 00:00:00 CST 2017","moving_avg_200_day":"2.89","chg_from_200_day_moving_avg":"-0.46","pct_chg_from_200_day_moving_avg":"-0.15990000000000001","moving_avg_50_day":"2.8","chg_from_50_day_moving_avg":"-0.37","pct_chg_from_50_day_moving_avg":"-0.1318","shares_outstanding":"1.67892E8","ebitda":"9.153E7","short_ratio":"1.44","pe_estimate_next_year":"","peg_ratio":"0.0","eps_estimate_next_year":"0.19","eps_estimate_next_quarter":"0.0","eps_estimate_current_quarter":"0.03","psr":"2.46","revenue":"1.679E8","profit_margin":"0.2799866587254318"},"WB":{"symbol":"WB","exchange":"NASDAQ","code":"WB","name":"微博","current":"91.16","percentage":"0.3","change":"0.27","open":"90.01","high":"93.44","low":"90.01","close":"91.16","last_close":"90.89","high52week":"108.3","low52week":"40.12","volume":"429907.0","lot_volume":"429907.0","volumeAverage":"1683567","marketCapital":"1.9931058312E10","eps":"0.68","pe_ttm":"134.0588","pe_lyr":"184.5468","beta":"2.54","totalShares":"218638200","time":"Mon Oct 30 10:31:48 -0400 2017","afterHours":"90.1","afterHoursPct":"-0.87","afterHoursChg":"-0.79","afterHoursTime":"Mon Oct 30 09:29:59 -0400 2017","updateAt":"1509350323737","dividend":"0.0","yield":"0.0","turnover_rate":"0.20%","instOwn":"7.0","rise_stop":"0.0","fall_stop":"0.0","currency_unit":"USD","amount":"3.949985516E7","net_assets":"4.12","hasexist":"","has_warrant":"0","type":"1","flag":"1","rest_day":"","amplitude":"3.77%","market_status":"交易中","lot_size":"1","min_order_quantity":"0","max_order_quantity":"0","tick_size":"0.01","variable_tick_size":"0.0001 1 0.01","kzz_stock_symbol":"","kzz_stock_name":"","kzz_stock_current":"90.01","kzz_convert_price":"0.0","kzz_covert_value":"0.0","kzz_cpr":"0.0","kzz_putback_price":"0.0","kzz_convert_time":"","kzz_redempt_price":"0.0","kzz_straight_price":"0.0","kzz_stock_percent":"","pb":"22.06","benefit_before_tax":"0.0","benefit_after_tax":"0.0","convert_bond_ratio":"","totalissuescale":"","outstandingamt":"","maturitydate":"","remain_year":"","convertrate":"","interestrtmemo":"","release_date":"","circulation":"0.0","par_value":"0.0","due_time":"0.0","value_date":"","due_date":"","publisher":"","redeem_type":"T","issue_type":"","bond_type":"","warrant":"","sale_rrg":"","rate":"","after_hour_vol":"429907","float_shares":"34890000","float_market_capital":"3.1711521E9","disnext_pay_date":"","convert_rate":"","volume_ratio":"0.0","percent5m":"-0.09","pankou_ratio":"33.55%","dividend_pay_date":"","ex_dividend_date":"","moving_avg_200_day":"80.69","chg_from_200_day_moving_avg":"10.2","pct_chg_from_200_day_moving_avg":"0.1264","moving_avg_50_day":"99.89","chg_from_50_day_moving_avg":"-9.0","pct_chg_from_50_day_moving_avg":"-0.0901","shares_outstanding":"2.073E8","ebitda":"2.60899999E8","short_ratio":"5.35","pe_estimate_next_year":"35.23","peg_ratio":"1.02","eps_estimate_next_year":"2.58","eps_estimate_next_quarter":"0.54","eps_estimate_current_quarter":"1.64","psr":"22.14","revenue":"8.422E8","profit_margin":"0.21414272144383756"},"PTR":{"symbol":"PTR","exchange":"NYSE","code":"PTR","name":"中石油","current":"65.47","percentage":"1.84","change":"1.18","open":"65.11","high":"65.82","low":"65.03","close":"65.47","last_close":"64.29","high52week":"81.8","low52week":"60.69","volume":"18553.0","lot_volume":"18553.0","volumeAverage":"95000","marketCapital":"1.1982383416566E11","eps":"1.56","pe_ttm":"41.9679","pe_lyr":"101.3081","beta":"1.19","totalShares":"1830209778","time":"Mon Oct 30 10:29:24 -0400 2017","afterHours":"65.16","afterHoursPct":"1.35","afterHoursChg":"0.87","afterHoursTime":"Mon Oct 30 09:30:00 -0400 2017","updateAt":"1509350317514","dividend":"1.396","yield":"2.17","turnover_rate":"","instOwn":"34.34","rise_stop":"0.0","fall_stop":"0.0","currency_unit":"USD","amount":"1214204.8","net_assets":"100.2","hasexist":"","has_warrant":"0","type":"1","flag":"1","rest_day":"","amplitude":"1.23%","market_status":"交易中","lot_size":"1","min_order_quantity":"0","max_order_quantity":"0","tick_size":"0.01","variable_tick_size":"0.0001 1 0.01","kzz_stock_symbol":"","kzz_stock_name":"","kzz_stock_current":"65.19","kzz_convert_price":"0.0","kzz_covert_value":"0.0","kzz_cpr":"0.0","kzz_putback_price":"0.0","kzz_convert_time":"","kzz_redempt_price":"0.0","kzz_straight_price":"0.0","kzz_stock_percent":"","pb":"0.64","benefit_before_tax":"0.0","benefit_after_tax":"0.0","convert_bond_ratio":"","totalissuescale":"","outstandingamt":"","maturitydate":"","remain_year":"","convertrate":"","interestrtmemo":"","release_date":"","circulation":"0.0","par_value":"0.0","due_time":"0.0","value_date":"","due_date":"","publisher":"","redeem_type":"T","issue_type":"","bond_type":"","warrant":"","sale_rrg":"","rate":"","after_hour_vol":"18398","float_shares":"271731000","float_market_capital":"1.746958599E10","disnext_pay_date":"","convert_rate":"","volume_ratio":"0.0","percent5m":"-0.13","pankou_ratio":"26.58%","dividend_pay_date":"Mon Nov 06 00:00:00 CST 2017","ex_dividend_date":"Wed Sep 06 00:00:00 CST 2017","moving_avg_200_day":"65.05","chg_from_200_day_moving_avg":"-0.76","pct_chg_from_200_day_moving_avg":"-0.011699999999999999","moving_avg_50_day":"63.96","chg_from_50_day_moving_avg":"0.33","pct_chg_from_50_day_moving_avg":"0.0051","shares_outstanding":"1.830209E9","ebitda":"4.465E10","short_ratio":"1.58","pe_estimate_next_year":"24.17","peg_ratio":"0.36","eps_estimate_next_year":"2.66","eps_estimate_next_quarter":"0.0","eps_estimate_current_quarter":"2.08","psr":"0.41","revenue":"2.8383E11","profit_margin":"0.010317212415882746"},"SOHU":{"symbol":"SOHU","exchange":"NASDAQ","code":"SOHU","name":"搜狐","current":"58.19","percentage":"-0.21","change":"-0.12","open":"60.2","high":"60.66","low":"57.9","close":"58.19","last_close":"58.31","high52week":"70.86","low52week":"32.6","volume":"430714.0","lot_volume":"430714.0","volumeAverage":"539441","marketCapital":"2.260338179E9","eps":"-7.03","pe_ttm":"","pe_lyr":"","beta":"1.37","totalShares":"38844100","time":"Mon Oct 30 10:31:32 -0400 2017","afterHours":"60.42","afterHoursPct":"3.62","afterHoursChg":"2.11","afterHoursTime":"Mon Oct 30 09:29:43 -0400 2017","updateAt":"1509350320222","dividend":"0.0","yield":"0.0","turnover_rate":"1.11%","instOwn":"69.19","rise_stop":"0.0","fall_stop":"0.0","currency_unit":"USD","amount":"2.55198045E7","net_assets":"22.07","hasexist":"","has_warrant":"0","type":"1","flag":"1","rest_day":"","amplitude":"4.73%","market_status":"交易中","lot_size":"1","min_order_quantity":"0","max_order_quantity":"0","tick_size":"0.01","variable_tick_size":"0.0001 1 0.01","kzz_stock_symbol":"","kzz_stock_name":"","kzz_stock_current":"60.2","kzz_convert_price":"0.0","kzz_covert_value":"0.0","kzz_cpr":"0.0","kzz_putback_price":"0.0","kzz_convert_time":"","kzz_redempt_price":"0.0","kzz_straight_price":"0.0","kzz_stock_percent":"","pb":"2.64","benefit_before_tax":"0.0","benefit_after_tax":"0.0","convert_bond_ratio":"","totalissuescale":"","outstandingamt":"","maturitydate":"","remain_year":"","convertrate":"","interestrtmemo":"","release_date":"","circulation":"0.0","par_value":"0.0","due_time":"0.0","value_date":"","due_date":"","publisher":"","redeem_type":"T","issue_type":"0","bond_type":"","warrant":"","sale_rrg":"0","rate":"","after_hour_vol":"430714","float_shares":"28386000","float_market_capital":"1.65518766E9","disnext_pay_date":"","convert_rate":"","volume_ratio":"0.0","percent5m":"0.0","pankou_ratio":"7.41%","dividend_pay_date":"","ex_dividend_date":"","moving_avg_200_day":"49.91","chg_from_200_day_moving_avg":"8.4","pct_chg_from_200_day_moving_avg":"0.16820000000000002","moving_avg_50_day":"58.59","chg_from_50_day_moving_avg":"-0.28","pct_chg_from_50_day_moving_avg":"-0.004699999999999999","shares_outstanding":"3.8867E7","ebitda":"8.489E7","short_ratio":"2.65","pe_estimate_next_year":"","peg_ratio":"-0.58","eps_estimate_next_year":"-2.45","eps_estimate_next_quarter":"-1.14","eps_estimate_current_quarter":"-5.73","psr":"1.49","revenue":"1.66E9","profit_margin":"-0.1805208253012048"},"VNET":{"symbol":"VNET","exchange":"NASDAQ","code":"VNET","name":"世纪互联","current":"7.54","percentage":"1.34","change":"0.10","open":"7.43","high":"7.59","low":"7.43","close":"7.54","last_close":"7.44","high52week":"8.52","low52week":"4.17","volume":"49389.0","lot_volume":"49389.0","volumeAverage":"789865","marketCapital":"8.58429E8","eps":"-0.79","pe_ttm":"","pe_lyr":"","beta":"1.39","totalShares":"113850000","time":"Mon Oct 30 10:31:55 -0400 2017","afterHours":"7.44","afterHoursPct":"0.0","afterHoursChg":"0.0","afterHoursTime":"Mon Oct 30 03:59:43 -0400 2017","updateAt":"1509350323339","dividend":"0.0","yield":"0.0","turnover_rate":"0.04%","instOwn":"16.0","rise_stop":"0.0","fall_stop":"0.0","currency_unit":"USD","amount":"370417.5","net_assets":"7.89","hasexist":"","has_warrant":"0","type":"1","flag":"1","rest_day":"","amplitude":"2.15%","market_status":"交易中","lot_size":"1","min_order_quantity":"0","max_order_quantity":"0","tick_size":"0.01","variable_tick_size":"0.0001 1 0.01","kzz_stock_symbol":"","kzz_stock_name":"","kzz_stock_current":"7.43","kzz_convert_price":"0.0","kzz_covert_value":"0.0","kzz_cpr":"0.0","kzz_putback_price":"0.0","kzz_convert_time":"","kzz_redempt_price":"0.0","kzz_straight_price":"0.0","kzz_stock_percent":"","pb":"0.94","benefit_before_tax":"0.0","benefit_after_tax":"0.0","convert_bond_ratio":"","totalissuescale":"","outstandingamt":"","maturitydate":"","remain_year":"","convertrate":"","interestrtmemo":"","release_date":"","circulation":"0.0","par_value":"0.0","due_time":"0.0","value_date":"","due_date":"","publisher":"","redeem_type":"T","issue_type":"","bond_type":"","warrant":"","sale_rrg":"","rate":"","after_hour_vol":"49389","float_shares":"64975000","float_market_capital":"4.83414E8","disnext_pay_date":"","convert_rate":"","volume_ratio":"0.0","percent5m":"0.0","pankou_ratio":"0.0%","dividend_pay_date":"","ex_dividend_date":"","moving_avg_200_day":"5.49","chg_from_200_day_moving_avg":"1.95","pct_chg_from_200_day_moving_avg":"0.355","moving_avg_50_day":"6.72","chg_from_50_day_moving_avg":"0.72","pct_chg_from_50_day_moving_avg":"0.107","shares_outstanding":"1.125E8","ebitda":"2.993E7","short_ratio":"9.52","pe_estimate_next_year":"","peg_ratio":"-5.39","eps_estimate_next_year":"-0.31","eps_estimate_next_quarter":"-0.05","eps_estimate_current_quarter":"-0.46","psr":"1.52","revenue":"5.5265E8","profit_margin":"-0.22188546096082515"},"NTES":{"symbol":"NTES","exchange":"NASDAQ","code":"NTES","name":"网易","current":"278.76","percentage":"-1.68","change":"-4.77","open":"280.84","high":"282.37","low":"278.05","close":"278.76","last_close":"283.53","high52week":"337.55","low52week":"211.11","volume":"327085.0","lot_volume":"327085.0","volumeAverage":"1325102","marketCapital":"3.6852243867E10","eps":"14.63","pe_ttm":"19.0684","pe_lyr":"21.0949","beta":"0.95","totalShares":"132101100","time":"Mon Oct 30 10:31:56 -0400 2017","afterHours":"280.56","afterHoursPct":"-1.05","afterHoursChg":"-2.97","afterHoursTime":"Mon Oct 30 09:28:05 -0400 2017","updateAt":"1509350314903","dividend":"3.69","yield":"1.3","turnover_rate":"0.25%","instOwn":"52.74","rise_stop":"0.0","fall_stop":"0.0","currency_unit":"USD","amount":"9.15510915E7","net_assets":"50.58","hasexist":"","has_warrant":"0","type":"1","flag":"1","rest_day":"","amplitude":"1.52%","market_status":"交易中","lot_size":"1","min_order_quantity":"0","max_order_quantity":"0","tick_size":"0.01","variable_tick_size":"0.0001 1 0.01","kzz_stock_symbol":"","kzz_stock_name":"","kzz_stock_current":"280.84","kzz_convert_price":"0.0","kzz_covert_value":"0.0","kzz_cpr":"0.0","kzz_putback_price":"0.0","kzz_convert_time":"","kzz_redempt_price":"0.0","kzz_straight_price":"0.0","kzz_stock_percent":"","pb":"5.61","benefit_before_tax":"0.0","benefit_after_tax":"0.0","convert_bond_ratio":"","totalissuescale":"","outstandingamt":"","maturitydate":"","remain_year":"","convertrate":"","interestrtmemo":"","release_date":"","circulation":"0.0","par_value":"0.0","due_time":"0.0","value_date":"","due_date":"","publisher":"","redeem_type":"T","issue_type":"","bond_type":"","warrant":"","sale_rrg":"","rate":"","after_hour_vol":"327085","float_shares":"73319000","float_market_capital":"2.078813607E10","disnext_pay_date":"","convert_rate":"","volume_ratio":"0.0","percent5m":"0.01","pankou_ratio":"-60.0%","dividend_pay_date":"Fri Jun 02 00:00:00 CST 2017","ex_dividend_date":"Wed Aug 23 00:00:00 CST 2017","moving_avg_200_day":"285.73","chg_from_200_day_moving_avg":"-2.2","pct_chg_from_200_day_moving_avg":"-0.0077","moving_avg_50_day":"273.58","chg_from_50_day_moving_avg":"9.95","pct_chg_from_50_day_moving_avg":"0.0364","shares_outstanding":"1.31798E8","ebitda":"2.36E9","short_ratio":"2.13","pe_estimate_next_year":"17.19","peg_ratio":"68.49","eps_estimate_next_year":"16.49","eps_estimate_next_quarter":"3.15","eps_estimate_current_quarter":"14.16","psr":"4.92","revenue":"7.4E9","profit_margin":"0.27481664054054056"},"ONP":{"symbol":"ONP","exchange":"AMEX","code":"ONP","name":"东方纸业","current":"0.9012","percentage":"2.26","change":"0.0199","open":"0.89","high":"0.9012","low":"0.884","close":"0.9012","last_close":"0.8813","high52week":"1.54","low52week":"0.78","volume":"1710.0","lot_volume":"1710.0","volumeAverage":"67722","marketCapital":"1.88977E7","eps":"0.36","pe_ttm":"2.4472","pe_lyr":"2.5921","beta":"0.53","totalShares":"21450000","time":"Mon Oct 30 10:15:00 -0400 2017","afterHours":"0.88","afterHoursPct":"0.0","afterHoursChg":"0.0","afterHoursTime":"Mon Oct 30 03:59:35 -0400 2017","updateAt":"1509350315695","dividend":"0.0","yield":"0.0","turnover_rate":"0.01%","instOwn":"5.0","rise_stop":"0.0","fall_stop":"0.0","currency_unit":"USD","amount":"1527.71","net_assets":"8.332","hasexist":"","has_warrant":"0","type":"1","flag":"1","rest_day":"","amplitude":"1.95%","market_status":"交易中","lot_size":"1","min_order_quantity":"0","max_order_quantity":"0","tick_size":"0.0001","variable_tick_size":"0.0001 1 0.01","kzz_stock_symbol":"","kzz_stock_name":"","kzz_stock_current":"0.89","kzz_convert_price":"0.0","kzz_covert_value":"0.0","kzz_cpr":"0.0","kzz_putback_price":"0.0","kzz_convert_time":"","kzz_redempt_price":"0.0","kzz_straight_price":"0.0","kzz_stock_percent":"","pb":"0.11","benefit_before_tax":"0.0","benefit_after_tax":"0.0","convert_bond_ratio":"","totalissuescale":"","outstandingamt":"","maturitydate":"","remain_year":"","convertrate":"","interestrtmemo":"","release_date":"","circulation":"0.0","par_value":"0.0","due_time":"0.0","value_date":"","due_date":"","publisher":"","redeem_type":"F","issue_type":"","bond_type":"","warrant":"","sale_rrg":"","rate":"","after_hour_vol":"1505","float_shares":"16010000","float_market_capital":"1.4109613E7","disnext_pay_date":"","convert_rate":"","volume_ratio":"0.0","percent5m":"0.0","pankou_ratio":"63.64%","dividend_pay_date":"Mon Dec 16 00:00:00 CST 2013","ex_dividend_date":"Tue Nov 26 00:00:00 CST 2013","moving_avg_200_day":"0.9317","chg_from_200_day_moving_avg":"-0.0504","pct_chg_from_200_day_moving_avg":"-0.054109","moving_avg_50_day":"0.8283","chg_from_50_day_moving_avg":"0.053","pct_chg_from_50_day_moving_avg":"0.063944","shares_outstanding":"2.145E7","ebitda":"2.772E7","short_ratio":"0.81","pe_estimate_next_year":"","peg_ratio":"0.0","eps_estimate_next_year":"","eps_estimate_next_quarter":"0.0","eps_estimate_current_quarter":"1.18","psr":"0.1651","revenue":"1.1692E8","profit_margin":"0.06604515908313377"},"SKYS":{"symbol":"SKYS","exchange":"NASDAQ","code":"SKYS","name":"天华阳光","current":"1.71","percentage":"-5.52","change":"-0.10","open":"1.8","high":"1.8","low":"1.67","close":"1.71","last_close":"1.81","high52week":"3.62","low52week":"1.0","volume":"4445.0","lot_volume":"4445.0","volumeAverage":"74514","marketCapital":"8.82435E7","eps":"0.08","pe_ttm":"22.625","pe_lyr":"22.625","beta":"0.0","totalShares":"48753375","time":"Mon Oct 30 10:01:07 -0400 2017","afterHours":"1.81","afterHoursPct":"0.0","afterHoursChg":"0.0","afterHoursTime":"Mon Oct 30 03:59:39 -0400 2017","updateAt":"1509350319861","dividend":"0.0","yield":"0.0","turnover_rate":"0.01%","instOwn":"3.0","rise_stop":"0.0","fall_stop":"0.0","currency_unit":"USD","amount":"7689.85","net_assets":"2.63","hasexist":"","has_warrant":"0","type":"1","flag":"1","rest_day":"","amplitude":"7.18%","market_status":"交易中","lot_size":"1","min_order_quantity":"0","max_order_quantity":"0","tick_size":"0.01","variable_tick_size":"0.0001 1 0.01","kzz_stock_symbol":"","kzz_stock_name":"","kzz_stock_current":"1.74","kzz_convert_price":"0.0","kzz_covert_value":"0.0","kzz_cpr":"0.0","kzz_putback_price":"0.0","kzz_convert_time":"","kzz_redempt_price":"0.0","kzz_straight_price":"0.0","kzz_stock_percent":"","pb":"0.69","benefit_before_tax":"0.0","benefit_after_tax":"0.0","convert_bond_ratio":"","totalissuescale":"","outstandingamt":"","maturitydate":"","remain_year":"","convertrate":"","interestrtmemo":"","release_date":"","circulation":"0.0","par_value":"0.0","due_time":"0.0","value_date":"","due_date":"","publisher":"","redeem_type":"F","issue_type":"","bond_type":"","warrant":"","sale_rrg":"","rate":"","after_hour_vol":"4211","float_shares":"17289000","float_market_capital":"3.129309E7","disnext_pay_date":"","convert_rate":"","volume_ratio":"0.0","percent5m":"0.0","pankou_ratio":"-97.42%","dividend_pay_date":"","ex_dividend_date":"","moving_avg_200_day":"1.64","chg_from_200_day_moving_avg":"0.17","pct_chg_from_200_day_moving_avg":"0.10189999999999999","moving_avg_50_day":"1.67","chg_from_50_day_moving_avg":"0.14","pct_chg_from_50_day_moving_avg":"0.0825","shares_outstanding":"5.3156E7","ebitda":"1.942E7","short_ratio":"5.89","pe_estimate_next_year":"18.1","peg_ratio":"0.87","eps_estimate_next_year":"0.1","eps_estimate_next_quarter":"0.01","eps_estimate_current_quarter":"0.06","psr":"1.43","revenue":"6.781E7","profit_margin":"0.1646181979059136"},"SNP":{"symbol":"SNP","exchange":"NYSE","code":"SNP","name":"中石化","current":"74.21","percentage":"1.71","change":"1.25","open":"73.71","high":"74.44","low":"73.71","close":"74.21","last_close":"72.96","high52week":"84.88","low52week":"67.82","volume":"24003.0","lot_volume":"24003.0","volumeAverage":"151834","marketCapital":"8.9846944941E10","eps":"6.72","pe_ttm":"11.0432","pe_lyr":"12.7881","beta":"1.18","totalShares":"1210712100","time":"Mon Oct 30 10:31:11 -0400 2017","afterHours":"72.96","afterHoursPct":"0.0","afterHoursChg":"0.0","afterHoursTime":"Mon Oct 30 03:59:40 -0400 2017","updateAt":"1509350320163","dividend":"3.553","yield":"4.87","turnover_rate":"","instOwn":"9.58","rise_stop":"0.0","fall_stop":"0.0","currency_unit":"USD","amount":"1779342.39","net_assets":"90.8","hasexist":"","has_warrant":"0","type":"1","flag":"1","rest_day":"","amplitude":"1.00%","market_status":"交易中","lot_size":"1","min_order_quantity":"0","max_order_quantity":"0","tick_size":"0.01","variable_tick_size":"0.0001 1 0.01","kzz_stock_symbol":"","kzz_stock_name":"","kzz_stock_current":"73.98","kzz_convert_price":"0.0","kzz_covert_value":"0.0","kzz_cpr":"0.0","kzz_putback_price":"0.0","kzz_convert_time":"","kzz_redempt_price":"0.0","kzz_straight_price":"0.0","kzz_stock_percent":"","pb":"0.8","benefit_before_tax":"0.0","benefit_after_tax":"0.0","convert_bond_ratio":"","totalissuescale":"","outstandingamt":"","maturitydate":"","remain_year":"","convertrate":"","interestrtmemo":"","release_date":"","circulation":"0.0","par_value":"0.0","due_time":"0.0","value_date":"","due_date":"","publisher":"","redeem_type":"T","issue_type":"","bond_type":"","warrant":"","sale_rrg":"","rate":"","after_hour_vol":"24003","float_shares":"347256000","float_market_capital":"2.533579776E10","disnext_pay_date":"","convert_rate":"","volume_ratio":"0.0","percent5m":"-0.11","pankou_ratio":"26.98%","dividend_pay_date":"Fri Oct 06 00:00:00 CST 2017","ex_dividend_date":"Mon Sep 18 00:00:00 CST 2017","moving_avg_200_day":"78.0","chg_from_200_day_moving_avg":"-5.04","pct_chg_from_200_day_moving_avg":"-0.0646","moving_avg_50_day":"75.4","chg_from_50_day_moving_avg":"-2.44","pct_chg_from_50_day_moving_avg":"-0.032400000000000005","shares_outstanding":"1.210712E9","ebitda":"2.954E10","short_ratio":"2.78","pe_estimate_next_year":"","peg_ratio":"0.0","eps_estimate_next_year":"6.05","eps_estimate_next_quarter":"0.0","eps_estimate_current_quarter":"4.48","psr":"0.26","revenue":"3.3953E11","profit_margin":"0.024604343651518274"},"SEED":{"symbol":"SEED","exchange":"NASDAQ","code":"SEED","name":"奥瑞金种业","current":"1.47","percentage":"3.87","change":"0.05","open":"1.42","high":"1.47","low":"1.42","close":"1.47","last_close":"1.42","high52week":"2.87","low52week":"1.3","volume":"2655.0","lot_volume":"2655.0","volumeAverage":"45008","marketCapital":"3.34278E7","eps":"-0.07","pe_ttm":"","pe_lyr":"","beta":"0.46","totalShares":"22740000","time":"Mon Oct 30 09:59:32 -0400 2017","afterHours":"1.42","afterHoursPct":"0.0","afterHoursChg":"0.0","afterHoursTime":"Mon Oct 30 03:59:39 -0400 2017","updateAt":"1509350319441","dividend":"0.0","yield":"0.0","turnover_rate":"0.01%","instOwn":"2.43","rise_stop":"0.0","fall_stop":"0.0","currency_unit":"USD","amount":"3770.1","net_assets":"0.841","hasexist":"","has_warrant":"0","type":"1","flag":"1","rest_day":"","amplitude":"2.11%","market_status":"交易中","lot_size":"1","min_order_quantity":"0","max_order_quantity":"0","tick_size":"0.01","variable_tick_size":"0.0001 1 0.01","kzz_stock_symbol":"","kzz_stock_name":"","kzz_stock_current":"1.44","kzz_convert_price":"0.0","kzz_covert_value":"0.0","kzz_cpr":"0.0","kzz_putback_price":"0.0","kzz_convert_time":"","kzz_redempt_price":"0.0","kzz_straight_price":"0.0","kzz_stock_percent":"","pb":"1.69","benefit_before_tax":"0.0","benefit_after_tax":"0.0","convert_bond_ratio":"","totalissuescale":"","outstandingamt":"","maturitydate":"","remain_year":"","convertrate":"","interestrtmemo":"","release_date":"","circulation":"0.0","par_value":"0.0","due_time":"0.0","value_date":"","due_date":"","publisher":"","redeem_type":"F","issue_type":"","bond_type":"","warrant":"","sale_rrg":"","rate":"","after_hour_vol":"2655","float_shares":"17992000","float_market_capital":"2.554864E7","disnext_pay_date":"","convert_rate":"","volume_ratio":"0.0","percent5m":"-0.62","pankou_ratio":"-99.48%","dividend_pay_date":"","ex_dividend_date":"","moving_avg_200_day":"1.5811","chg_from_200_day_moving_avg":"-0.1659","pct_chg_from_200_day_moving_avg":"-0.10491","moving_avg_50_day":"1.6058","chg_from_50_day_moving_avg":"-0.1906","pct_chg_from_50_day_moving_avg":"-0.118711","shares_outstanding":"2.3173E7","ebitda":"-4880000.0","short_ratio":"1.32","pe_estimate_next_year":"","peg_ratio":"0.0","eps_estimate_next_year":"","eps_estimate_next_quarter":"0.0","eps_estimate_current_quarter":"0.35","psr":"0.6661","revenue":"5.045E7","profit_margin":"-0.192457621407334"},"RYB":{"symbol":"RYB","exchange":"NYSE","code":"RYB","name":"红黄蓝教育","current":"24.95","percentage":"3.87","change":"0.93","open":"24.0","high":"25.0","low":"24.0","close":"24.95","last_close":"24.02","high52week":"31.8","low52week":"23.23","volume":"46198.0","lot_volume":"46198.0","volumeAverage":"1044702","marketCapital":"7.36390767E8","eps":"0.0","pe_ttm":"","pe_lyr":"104.4348","beta":"0.0","totalShares":"29514660","time":"Mon Oct 30 10:28:34 -0400 2017","afterHours":"24.0","afterHoursPct":"-0.08","afterHoursChg":"-0.02","afterHoursTime":"Mon Oct 30 09:26:39 -0400 2017","updateAt":"1509350318943","dividend":"0.0","yield":"0.0","turnover_rate":"0.16%","instOwn":"0.0","rise_stop":"0.0","fall_stop":"0.0","currency_unit":"","amount":"1146856.11","net_assets":"0.0","hasexist":"","has_warrant":"0","type":"1","flag":"1","rest_day":"","amplitude":"4.16%","market_status":"交易中","lot_size":"1","min_order_quantity":"0","max_order_quantity":"0","tick_size":"0.01","variable_tick_size":"0.0001 1 0.01","kzz_stock_symbol":"","kzz_stock_name":"","kzz_stock_current":"24.11","kzz_convert_price":"0.0","kzz_covert_value":"0.0","kzz_cpr":"0.0","kzz_putback_price":"0.0","kzz_convert_time":"","kzz_redempt_price":"0.0","kzz_straight_price":"0.0","kzz_stock_percent":"","pb":"0.0","benefit_before_tax":"0.0","benefit_after_tax":"0.0","convert_bond_ratio":"","totalissuescale":"","outstandingamt":"","maturitydate":"","remain_year":"","convertrate":"","interestrtmemo":"","release_date":"","circulation":"0.0","par_value":"0.0","due_time":"0.0","value_date":"","due_date":"","publisher":"","redeem_type":"T","issue_type":"","bond_type":"","warrant":"","sale_rrg":"","rate":"","after_hour_vol":"46110","float_shares":"","float_market_capital":"0.0","disnext_pay_date":"","convert_rate":"","volume_ratio":"0.0","percent5m":"0.0","pankou_ratio":"-33.33%","dividend_pay_date":"","ex_dividend_date":"","moving_avg_200_day":"27.58","chg_from_200_day_moving_avg":"-3.56","pct_chg_from_200_day_moving_avg":"-0.1291","moving_avg_50_day":"27.58","chg_from_50_day_moving_avg":"-3.56","pct_chg_from_50_day_moving_avg":"-0.1291","shares_outstanding":"2.1715E7","ebitda":"0.0","short_ratio":"0.0","pe_estimate_next_year":"","peg_ratio":"0.0","eps_estimate_next_year":"","eps_estimate_next_quarter":"0.0","eps_estimate_current_quarter":"","psr":"","revenue":"","profit_margin":""},"OIIM":{"symbol":"OIIM","exchange":"NASDAQ","code":"OIIM","name":"凹凸科技","current":"2.01","percentage":"3.61","change":"0.07","open":"1.9","high":"2.02","low":"1.9","close":"2.01","last_close":"1.94","high52week":"2.8","low52week":"1.45","volume":"42936.0","lot_volume":"42936.0","volumeAverage":"39855","marketCapital":"5.194041E7","eps":"-0.07","pe_ttm":"","pe_lyr":"","beta":"0.17","totalShares":"25841000","time":"Mon Oct 30 10:15:30 -0400 2017","afterHours":"1.94","afterHoursPct":"0.0","afterHoursChg":"0.0","afterHoursTime":"Mon Oct 30 03:59:35 -0400 2017","updateAt":"1509350315563","dividend":"0.0","yield":"0.0","turnover_rate":"0.17%","instOwn":"30.99","rise_stop":"0.0","fall_stop":"0.0","currency_unit":"USD","amount":"85060.51","net_assets":"3.07","hasexist":"","has_warrant":"0","type":"1","flag":"1","rest_day":"","amplitude":"6.19%","market_status":"交易中","lot_size":"1","min_order_quantity":"0","max_order_quantity":"0","tick_size":"0.01","variable_tick_size":"0.0001 1 0.01","kzz_stock_symbol":"","kzz_stock_name":"","kzz_stock_current":"1.9","kzz_convert_price":"0.0","kzz_covert_value":"0.0","kzz_cpr":"0.0","kzz_putback_price":"0.0","kzz_convert_time":"","kzz_redempt_price":"0.0","kzz_straight_price":"0.0","kzz_stock_percent":"","pb":"0.63","benefit_before_tax":"0.0","benefit_after_tax":"0.0","convert_bond_ratio":"","totalissuescale":"","outstandingamt":"","maturitydate":"","remain_year":"","convertrate":"","interestrtmemo":"","release_date":"","circulation":"0.0","par_value":"0.0","due_time":"0.0","value_date":"","due_date":"","publisher":"","redeem_type":"F","issue_type":"","bond_type":"","warrant":"","sale_rrg":"","rate":"","after_hour_vol":"42736","float_shares":"22290000","float_market_capital":"4.32426E7","disnext_pay_date":"","convert_rate":"","volume_ratio":"0.0","percent5m":"-0.96","pankou_ratio":"19.76%","dividend_pay_date":"","ex_dividend_date":"","moving_avg_200_day":"1.89","chg_from_200_day_moving_avg":"0.05","pct_chg_from_200_day_moving_avg":"0.0245","moving_avg_50_day":"1.74","chg_from_50_day_moving_avg":"0.2","pct_chg_from_50_day_moving_avg":"0.1164","shares_outstanding":"2.584E7","ebitda":"-3450000.0","short_ratio":"1.25","pe_estimate_next_year":"","peg_ratio":"-0.46","eps_estimate_next_year":"-0.15","eps_estimate_next_quarter":"-0.05","eps_estimate_current_quarter":"-0.21","psr":"0.79","revenue":"5.982E7","profit_margin":"-0.02591775325977934"},"NCTY":{"symbol":"NCTY","exchange":"NASDAQ","code":"NCTY","name":"第九城市","current":"0.9200","percentage":"3.15","change":"0.0281","open":"0.91","high":"0.9201","low":"0.9","close":"0.92","last_close":"0.8919","high52week":"1.79","low52week":"0.88","volume":"17002.0","lot_volume":"17002.0","volumeAverage":"33040","marketCapital":"2.200226092E7","eps":"-4.08","pe_ttm":"","pe_lyr":"","beta":"1.89","totalShares":"23915501","time":"Mon Oct 30 10:08:54 -0400 2017","afterHours":"0.89","afterHoursPct":"0.0","afterHoursChg":"0.0","afterHoursTime":"Mon Oct 30 03:59:33 -0400 2017","updateAt":"1509350314041","dividend":"0.0","yield":"0.0","turnover_rate":"0.07%","instOwn":"6.71","rise_stop":"0.0","fall_stop":"0.0","currency_unit":"USD","amount":"15373.21","net_assets":"-2.174","hasexist":"","has_warrant":"0","type":"1","flag":"1","rest_day":"","amplitude":"2.25%","market_status":"交易中","lot_size":"1","min_order_quantity":"0","max_order_quantity":"0","tick_size":"0.0001","variable_tick_size":"0.0001 1 0.01","kzz_stock_symbol":"","kzz_stock_name":"","kzz_stock_current":"0.91","kzz_convert_price":"0.0","kzz_covert_value":"0.0","kzz_cpr":"0.0","kzz_putback_price":"0.0","kzz_convert_time":"","kzz_redempt_price":"0.0","kzz_straight_price":"0.0","kzz_stock_percent":"","pb":"-0.41","benefit_before_tax":"0.0","benefit_after_tax":"0.0","convert_bond_ratio":"","totalissuescale":"","outstandingamt":"","maturitydate":"","remain_year":"","convertrate":"","interestrtmemo":"","release_date":"","circulation":"0.0","par_value":"0.0","due_time":"0.0","value_date":"","due_date":"","publisher":"","redeem_type":"F","issue_type":"","bond_type":"","warrant":"","sale_rrg":"","rate":"","after_hour_vol":"12472","float_shares":"27830000","float_market_capital":"2.4821577E7","disnext_pay_date":"","convert_rate":"","volume_ratio":"0.0","percent5m":"0.0","pankou_ratio":"-33.33%","dividend_pay_date":"Mon Feb 09 00:00:00 CST 2009","ex_dividend_date":"Thu Jan 29 00:00:00 CST 2009","moving_avg_200_day":"1.0302","chg_from_200_day_moving_avg":"-0.1383","pct_chg_from_200_day_moving_avg":"-0.13425399999999998","moving_avg_50_day":"0.9556","chg_from_50_day_moving_avg":"-0.0637","pct_chg_from_50_day_moving_avg":"-0.066616","shares_outstanding":"5.7283E7","ebitda":"-3.046E7","short_ratio":"0.26","pe_estimate_next_year":"","peg_ratio":"0.0","eps_estimate_next_year":"-2.01","eps_estimate_next_quarter":"0.0","eps_estimate_current_quarter":"-2.83","psr":"5.9256","revenue":"8600000.0","profit_margin":"-28.907932558139535"},"SIMO":{"symbol":"SIMO","exchange":"NASDAQ","code":"SIMO","name":"慧荣科技","current":"47.73","percentage":"0.99","change":"0.47","open":"47.47","high":"48.16","low":"47.29","close":"47.73","last_close":"47.26","high52week":"55.68","low52week":"37.37","volume":"114916.0","lot_volume":"114916.0","volumeAverage":"598024","marketCapital":"1.6888642E9","eps":"0.78","pe_ttm":"60.5897","pe_lyr":"15.1474","beta":"0.71","totalShares":"35735500","time":"Mon Oct 30 10:31:47 -0400 2017","afterHours":"47.26","afterHoursPct":"0.0","afterHoursChg":"0.0","afterHoursTime":"Mon Oct 30 03:59:39 -0400 2017","updateAt":"1509350319773","dividend":"0.89","yield":"1.88","turnover_rate":"0.32%","instOwn":"36.59","rise_stop":"0.0","fall_stop":"0.0","currency_unit":"USD","amount":"5495283.12","net_assets":"13.87","hasexist":"","has_warrant":"0","type":"0","flag":"1","rest_day":"","amplitude":"1.84%","market_status":"交易中","lot_size":"1","min_order_quantity":"0","max_order_quantity":"0","tick_size":"0.01","variable_tick_size":"0.0001 1 0.01","kzz_stock_symbol":"","kzz_stock_name":"","kzz_stock_current":"47.47","kzz_convert_price":"0.0","kzz_covert_value":"0.0","kzz_cpr":"0.0","kzz_putback_price":"0.0","kzz_convert_time":"","kzz_redempt_price":"0.0","kzz_straight_price":"0.0","kzz_stock_percent":"","pb":"3.41","benefit_before_tax":"0.0","benefit_after_tax":"0.0","convert_bond_ratio":"","totalissuescale":"","outstandingamt":"","maturitydate":"","remain_year":"","convertrate":"","interestrtmemo":"","release_date":"","circulation":"0.0","par_value":"0.0","due_time":"0.0","value_date":"","due_date":"","publisher":"","redeem_type":"T","issue_type":"","bond_type":"","warrant":"","sale_rrg":"","rate":"","after_hour_vol":"114916","float_shares":"32956000","float_market_capital":"1.55750056E9","disnext_pay_date":"","convert_rate":"","volume_ratio":"0.0","percent5m":"0.15","pankou_ratio":"33.33%","dividend_pay_date":"Fri Nov 24 00:00:00 CST 2017","ex_dividend_date":"Thu Aug 03 00:00:00 CST 2017","moving_avg_200_day":"47.5","chg_from_200_day_moving_avg":"-0.24","pct_chg_from_200_day_moving_avg":"-0.005","moving_avg_50_day":"48.89","chg_from_50_day_moving_avg":"-1.63","pct_chg_from_50_day_moving_avg":"-0.0334","shares_outstanding":"3.5741E7","ebitda":"1.4581E8","short_ratio":"5.52","pe_estimate_next_year":"13.43","peg_ratio":"-4.12","eps_estimate_next_year":"3.52","eps_estimate_next_quarter":"0.73","eps_estimate_current_quarter":"2.69","psr":"3.1","revenue":"5.628E8","profit_margin":"0.1879768301350391"},"VIPS":{"symbol":"VIPS","exchange":"NYSE","code":"VIPS","name":"唯品会","current":"8.01","percentage":"-2.32","change":"-0.19","open":"8.09","high":"8.13","low":"8.01","close":"8.01","last_close":"8.2","high52week":"15.49","low52week":"7.8","volume":"1005074.0","lot_volume":"1005074.0","volumeAverage":"8484142","marketCapital":"4.658954022E9","eps":"0.5","pe_ttm":"16.02","pe_lyr":"15.1934","beta":"1.87","totalShares":"581642200","time":"Mon Oct 30 10:31:56 -0400 2017","afterHours":"8.07","afterHoursPct":"-1.59","afterHoursChg":"-0.13","afterHoursTime":"Mon Oct 30 09:30:00 -0400 2017","updateAt":"1509350323217","dividend":"0.0","yield":"0.0","turnover_rate":"0.17%","instOwn":"430.0","rise_stop":"0.0","fall_stop":"0.0","currency_unit":"USD","amount":"8090845.7","net_assets":"1.86","hasexist":"","has_warrant":"0","type":"1","flag":"1","rest_day":"","amplitude":"1.46%","market_status":"交易中","lot_size":"1","min_order_quantity":"0","max_order_quantity":"0","tick_size":"0.01","variable_tick_size":"0.0001 1 0.01","kzz_stock_symbol":"","kzz_stock_name":"","kzz_stock_current":"8.06","kzz_convert_price":"0.0","kzz_covert_value":"0.0","kzz_cpr":"0.0","kzz_putback_price":"0.0","kzz_convert_time":"","kzz_redempt_price":"0.0","kzz_straight_price":"0.0","kzz_stock_percent":"","pb":"4.41","benefit_before_tax":"0.0","benefit_after_tax":"0.0","convert_bond_ratio":"","totalissuescale":"","outstandingamt":"","maturitydate":"","remain_year":"","convertrate":"","interestrtmemo":"","release_date":"","circulation":"0.0","par_value":"0.0","due_time":"0.0","value_date":"","due_date":"","publisher":"","redeem_type":"T","issue_type":"","bond_type":"","warrant":"","sale_rrg":"","rate":"","after_hour_vol":"1005074","float_shares":"426979000","float_market_capital":"3.5012278E9","disnext_pay_date":"","convert_rate":"","volume_ratio":"0.0","percent5m":"0.0","pankou_ratio":"33.33%","dividend_pay_date":"","ex_dividend_date":"","moving_avg_200_day":"11.18","chg_from_200_day_moving_avg":"-2.98","pct_chg_from_200_day_moving_avg":"-0.2667","moving_avg_50_day":"8.81","chg_from_50_day_moving_avg":"-0.61","pct_chg_from_50_day_moving_avg":"-0.0691","shares_outstanding":"5.87623E8","ebitda":"6.0911E8","short_ratio":"2.79","pe_estimate_next_year":"9.76","peg_ratio":"32.59","eps_estimate_next_year":"0.84","eps_estimate_next_quarter":"0.22","eps_estimate_current_quarter":"0.73","psr":"0.5","revenue":"9.87E9","profit_margin":"0.030958861195542045"},"MOMO":{"symbol":"MOMO","exchange":"NASDAQ","code":"MOMO","name":"陌陌","current":"30.45","percentage":"3.45","change":"1.02","open":"29.85","high":"31.1","low":"29.43","close":"30.45","last_close":"29.43","high52week":"46.69","low52week":"16.73","volume":"1541044.0","lot_volume":"1541044.0","volumeAverage":"4782272","marketCapital":"6.001434728E9","eps":"1.4","pe_ttm":"21.7429","pe_lyr":"41.3892","beta":"0.0","totalShares":"197156200","time":"Mon Oct 30 10:31:51 -0400 2017","afterHours":"29.43","afterHoursPct":"0.0","afterHoursChg":"0.0","afterHoursTime":"Mon Oct 30 09:28:00 -0400 2017","updateAt":"1509350313252","dividend":"0.0","yield":"0.0","turnover_rate":"0.78%","instOwn":"3.0","rise_stop":"0.0","fall_stop":"0.0","currency_unit":"USD","amount":"4.72329986E7","net_assets":"4.09","hasexist":"","has_warrant":"0","type":"1","flag":"1","rest_day":"","amplitude":"5.67%","market_status":"交易中","lot_size":"1","min_order_quantity":"0","max_order_quantity":"0","tick_size":"0.01","variable_tick_size":"0.0001 1 0.01","kzz_stock_symbol":"","kzz_stock_name":"","kzz_stock_current":"29.44","kzz_convert_price":"0.0","kzz_covert_value":"0.0","kzz_cpr":"0.0","kzz_putback_price":"0.0","kzz_convert_time":"","kzz_redempt_price":"0.0","kzz_straight_price":"0.0","kzz_stock_percent":"","pb":"7.2","benefit_before_tax":"0.0","benefit_after_tax":"0.0","convert_bond_ratio":"","totalissuescale":"","outstandingamt":"","maturitydate":"","remain_year":"","convertrate":"","interestrtmemo":"","release_date":"","circulation":"0.0","par_value":"0.0","due_time":"0.0","value_date":"","due_date":"","publisher":"","redeem_type":"T","issue_type":"","bond_type":"","warrant":"","sale_rrg":"","rate":"","after_hour_vol":"1541044","float_shares":"105467000","float_market_capital":"3.10389381E9","disnext_pay_date":"","convert_rate":"","volume_ratio":"0.0","percent5m":"-0.1","pankou_ratio":"85.82%","dividend_pay_date":"","ex_dividend_date":"","moving_avg_200_day":"38.19","chg_from_200_day_moving_avg":"-8.76","pct_chg_from_200_day_moving_avg":"-0.22949999999999998","moving_avg_50_day":"33.43","chg_from_50_day_moving_avg":"-4.0","pct_chg_from_50_day_moving_avg":"-0.1198","shares_outstanding":"1.97289E8","ebitda":"2.994E8","short_ratio":"0.95","pe_estimate_next_year":"12.85","peg_ratio":"0.36","eps_estimate_next_year":"2.29","eps_estimate_next_quarter":"0.47","eps_estimate_current_quarter":"1.66","psr":"5.89","revenue":"9.8063E8","profit_margin":"0.2555061847995676"},"SSC":{"symbol":"SSC","exchange":"NASDAQ","code":"SSC","name":"Seven Stars Cloud Group, Inc.","current":"1.77","percentage":"-7.18","change":"-0.14","open":"1.93","high":"1.99","low":"1.74","close":"1.77","last_close":"1.91","high52week":"3.45","low52week":"1.1","volume":"188590.0","lot_volume":"188590.0","volumeAverage":"238959","marketCapital":"1.187125E8","eps":"-0.6","pe_ttm":"","pe_lyr":"","beta":"1.84","totalShares":"62153000","time":"Mon Oct 30 10:31:38 -0400 2017","afterHours":"1.91","afterHoursPct":"0.0","afterHoursChg":"0.0","afterHoursTime":"Mon Oct 30 03:59:40 -0400 2017","updateAt":"1509350320587","dividend":"0.0","yield":"0.0","turnover_rate":"0.30%","instOwn":"0.0","rise_stop":"0.0","fall_stop":"0.0","currency_unit":"USD","amount":"345119.7","net_assets":"0.0","hasexist":"","has_warrant":"0","type":"0","flag":"1","rest_day":"","amplitude":"13.09%","market_status":"交易中","lot_size":"1","min_order_quantity":"0","max_order_quantity":"0","tick_size":"0.01","variable_tick_size":"0.0001 1 0.01","kzz_stock_symbol":"","kzz_stock_name":"","kzz_stock_current":"1.93","kzz_convert_price":"0.0","kzz_covert_value":"0.0","kzz_cpr":"0.0","kzz_putback_price":"0.0","kzz_convert_time":"","kzz_redempt_price":"0.0","kzz_straight_price":"0.0","kzz_stock_percent":"","pb":"0.0","benefit_before_tax":"0.0","benefit_after_tax":"0.0","convert_bond_ratio":"","totalissuescale":"","outstandingamt":"","maturitydate":"","remain_year":"","convertrate":"","interestrtmemo":"","release_date":"","circulation":"0.0","par_value":"0.0","due_time":"0.0","value_date":"","due_date":"","publisher":"","redeem_type":"F","issue_type":"","bond_type":"","warrant":"","sale_rrg":"","rate":"","after_hour_vol":"188590","float_shares":"","float_market_capital":"0.0","disnext_pay_date":"","convert_rate":"","volume_ratio":"0.0","percent5m":"0.0","pankou_ratio":"-52.38%","dividend_pay_date":"","ex_dividend_date":"","moving_avg_200_day":"2.18","chg_from_200_day_moving_avg":"-0.27","pct_chg_from_200_day_moving_avg":"-0.12210000000000001","moving_avg_50_day":"2.07","chg_from_50_day_moving_avg":"-0.16","pct_chg_from_50_day_moving_avg":"-0.0764","shares_outstanding":"6.2153E7","ebitda":"0.0","short_ratio":"0.0","pe_estimate_next_year":"","peg_ratio":"0.0","eps_estimate_next_year":"","eps_estimate_next_quarter":"0.0","eps_estimate_current_quarter":"","psr":"","revenue":"","profit_margin":""},"NEWA":{"symbol":"NEWA","exchange":"NASDAQ","code":"NEWA","name":"烟台金正环保","current":"13.31","percentage":"-2.28","change":"-0.31","open":"13.62","high":"14.16","low":"12.95","close":"13.31","last_close":"13.62","high52week":"14.16","low52week":"7.32","volume":"15517.0","lot_volume":"15517.0","volumeAverage":"175671","marketCapital":"1.443584E8","eps":"0.0","pe_ttm":"","pe_lyr":"59.2174","beta":"0.0","totalShares":"10599000","time":"Mon Oct 30 10:30:39 -0400 2017","afterHours":"13.73","afterHoursPct":"0.81","afterHoursChg":"0.11","afterHoursTime":"Mon Oct 30 08:32:55 -0400 2017","updateAt":"1509350314167","dividend":"0.0","yield":"0.0","turnover_rate":"0.15%","instOwn":"0.0","rise_stop":"0.0","fall_stop":"0.0","currency_unit":"USD","amount":"206996.78","net_assets":"0.0","hasexist":"","has_warrant":"0","type":"1","flag":"1","rest_day":"","amplitude":"8.88%","market_status":"交易中","lot_size":"1","min_order_quantity":"0","max_order_quantity":"0","tick_size":"0.01","variable_tick_size":"0.0001 1 0.01","kzz_stock_symbol":"","kzz_stock_name":"","kzz_stock_current":"13.62","kzz_convert_price":"0.0","kzz_covert_value":"0.0","kzz_cpr":"0.0","kzz_putback_price":"0.0","kzz_convert_time":"","kzz_redempt_price":"0.0","kzz_straight_price":"0.0","kzz_stock_percent":"","pb":"0.0","benefit_before_tax":"0.0","benefit_after_tax":"0.0","convert_bond_ratio":"","totalissuescale":"","outstandingamt":"","maturitydate":"","remain_year":"","convertrate":"","interestrtmemo":"","release_date":"","circulation":"0.0","par_value":"0.0","due_time":"0.0","value_date":"","due_date":"","publisher":"","redeem_type":"F","issue_type":"","bond_type":"","warrant":"","sale_rrg":"","rate":"","after_hour_vol":"15517","float_shares":"","float_market_capital":"0.0","disnext_pay_date":"","convert_rate":"","volume_ratio":"0.0","percent5m":"0.0","pankou_ratio":"50.0%","dividend_pay_date":"","ex_dividend_date":"","moving_avg_200_day":"9.28","chg_from_200_day_moving_avg":"4.34","pct_chg_from_200_day_moving_avg":"0.46740000000000004","moving_avg_50_day":"9.16","chg_from_50_day_moving_avg":"4.46","pct_chg_from_50_day_moving_avg":"0.4867","shares_outstanding":"1.0599E7","ebitda":"0.0","short_ratio":"0.0","pe_estimate_next_year":"","peg_ratio":"0.0","eps_estimate_next_year":"","eps_estimate_next_quarter":"0.0","eps_estimate_current_quarter":"","psr":"","revenue":"","profit_margin":""},"TEDU":{"symbol":"TEDU","exchange":"NASDAQ","code":"TEDU","name":"达内科技","current":"14.52","percentage":"0.14","change":"0.02","open":"14.53","high":"14.78","low":"14.5","close":"14.52","last_close":"14.5","high52week":"21.7","low52week":"12.52","volume":"19643.0","lot_volume":"19643.0","volumeAverage":"185343","marketCapital":"8.1392586E8","eps":"0.63","pe_ttm":"23.0476","pe_lyr":"22.3423","beta":"1.07","totalShares":"56055500","time":"Mon Oct 30 10:30:45 -0400 2017","afterHours":"14.5","afterHoursPct":"0.0","afterHoursChg":"0.0","afterHoursTime":"Mon Oct 30 03:59:41 -0400 2017","updateAt":"1509350321464","dividend":"0.14","yield":"0.97","turnover_rate":"0.04%","instOwn":"45.0","rise_stop":"0.0","fall_stop":"0.0","currency_unit":"USD","amount":"285412.79","net_assets":"4.26","hasexist":"","has_warrant":"0","type":"1","flag":"1","rest_day":"","amplitude":"1.93%","market_status":"交易中","lot_size":"1","min_order_quantity":"0","max_order_quantity":"0","tick_size":"0.01","variable_tick_size":"0.0001 1 0.01","kzz_stock_symbol":"","kzz_stock_name":"","kzz_stock_current":"14.56","kzz_convert_price":"0.0","kzz_covert_value":"0.0","kzz_cpr":"0.0","kzz_putback_price":"0.0","kzz_convert_time":"","kzz_redempt_price":"0.0","kzz_straight_price":"0.0","kzz_stock_percent":"","pb":"3.4","benefit_before_tax":"0.0","benefit_after_tax":"0.0","convert_bond_ratio":"","totalissuescale":"","outstandingamt":"","maturitydate":"","remain_year":"","convertrate":"","interestrtmemo":"","release_date":"","circulation":"0.0","par_value":"0.0","due_time":"0.0","value_date":"","due_date":"","publisher":"","redeem_type":"T","issue_type":"","bond_type":"","warrant":"","sale_rrg":"","rate":"","after_hour_vol":"19643","float_shares":"37439000","float_market_capital":"5.428655E8","disnext_pay_date":"","convert_rate":"","volume_ratio":"0.0","percent5m":"-0.75","pankou_ratio":"17.65%","dividend_pay_date":"Wed Jun 21 00:00:00 CST 2017","ex_dividend_date":"Wed Jun 07 00:00:00 CST 2017","moving_avg_200_day":"17.18","chg_from_200_day_moving_avg":"-2.68","pct_chg_from_200_day_moving_avg":"-0.1559","moving_avg_50_day":"14.46","chg_from_50_day_moving_avg":"0.04","pct_chg_from_50_day_moving_avg":"0.003","shares_outstanding":"5.7487E7","ebitda":"4.49E7","short_ratio":"0.62","pe_estimate_next_year":"14.36","peg_ratio":"29.77","eps_estimate_next_year":"1.01","eps_estimate_next_quarter":"0.33","eps_estimate_current_quarter":"0.82","psr":"3.11","revenue":"2.6543E8","profit_margin":"0.1321141920657047"},"PME":{"symbol":"PME","exchange":"NASDAQ","code":"PME","name":"平潭海洋","current":"2.82","percentage":"1.81","change":"0.05","open":"2.78","high":"2.88","low":"2.77","close":"2.82","last_close":"2.77","high52week":"5.18","low52week":"0.86","volume":"21078.0","lot_volume":"21078.0","volumeAverage":"155314","marketCapital":"2.229351E8","eps":"0.19","pe_ttm":"14.579","pe_lyr":"","beta":"0.93","totalShares":"79055000","time":"Mon Oct 30 10:09:20 -0400 2017","afterHours":"2.77","afterHoursPct":"0.0","afterHoursChg":"0.0","afterHoursTime":"Mon Oct 30 03:59:36 -0400 2017","updateAt":"1509350316913","dividend":"0.04","yield":"1.44","turnover_rate":"0.03%","instOwn":"3.0","rise_stop":"0.0","fall_stop":"0.0","currency_unit":"USD","amount":"59018.4","net_assets":"1.46","hasexist":"","has_warrant":"0","type":"1","flag":"1","rest_day":"","amplitude":"3.97%","market_status":"交易中","lot_size":"1","min_order_quantity":"0","max_order_quantity":"0","tick_size":"0.01","variable_tick_size":"0.0001 1 0.01","kzz_stock_symbol":"","kzz_stock_name":"","kzz_stock_current":"2.8","kzz_convert_price":"0.0","kzz_covert_value":"0.0","kzz_cpr":"0.0","kzz_putback_price":"0.0","kzz_convert_time":"","kzz_redempt_price":"0.0","kzz_straight_price":"0.0","kzz_stock_percent":"","pb":"1.9","benefit_before_tax":"0.0","benefit_after_tax":"0.0","convert_bond_ratio":"","totalissuescale":"","outstandingamt":"","maturitydate":"","remain_year":"","convertrate":"","interestrtmemo":"","release_date":"","circulation":"0.0","par_value":"0.0","due_time":"0.0","value_date":"","due_date":"","publisher":"","redeem_type":"F","issue_type":"","bond_type":"","warrant":"","sale_rrg":"","rate":"","after_hour_vol":"21078","float_shares":"34532000","float_market_capital":"9.565364E7","disnext_pay_date":"","convert_rate":"","volume_ratio":"0.0","percent5m":"0.35","pankou_ratio":"-95.6%","dividend_pay_date":"Tue Aug 15 00:00:00 CST 2017","ex_dividend_date":"Thu Jul 27 00:00:00 CST 2017","moving_avg_200_day":"3.64","chg_from_200_day_moving_avg":"-0.87","pct_chg_from_200_day_moving_avg":"-0.2398","moving_avg_50_day":"3.14","chg_from_50_day_moving_avg":"-0.37","pct_chg_from_50_day_moving_avg":"-0.1184","shares_outstanding":"7.9055E7","ebitda":"1.102E7","short_ratio":"5.6","pe_estimate_next_year":"","peg_ratio":"0.0","eps_estimate_next_year":"1.39","eps_estimate_next_quarter":"0.0","eps_estimate_current_quarter":"1.39","psr":"4.02","revenue":"5.568E7","profit_margin":"0.2555657327586207"},"OSN":{"symbol":"OSN","exchange":"NASDAQ","code":"OSN","name":"奥盛创新","current":"1.83","percentage":"-0.55","change":"-0.01","open":"1.81","high":"1.81","low":"1.81","close":"1.83","last_close":"1.83","high52week":"2.93","low52week":"1.5","volume":"2.0","lot_volume":"2.0","volumeAverage":"6009","marketCapital":"1.209556251E7","eps":"0.34","pe_ttm":"5.3824","pe_lyr":"2.4191","beta":"0.48","totalShares":"6609597","time":"Mon Oct 30 09:30:01 -0400 2017","afterHours":"1.83","afterHoursPct":"0.0","afterHoursChg":"0.0","afterHoursTime":"Mon Oct 30 03:59:35 -0400 2017","updateAt":"1509350315842","dividend":"0.0","yield":"0.0","turnover_rate":"","instOwn":"6.0","rise_stop":"0.0","fall_stop":"0.0","currency_unit":"USD","amount":"3.62","net_assets":"13.804","hasexist":"","has_warrant":"0","type":"1","flag":"1","rest_day":"","amplitude":"","market_status":"交易中","lot_size":"1","min_order_quantity":"0","max_order_quantity":"0","tick_size":"0.01","variable_tick_size":"0.0001 1 0.01","kzz_stock_symbol":"","kzz_stock_name":"","kzz_stock_current":"1.81","kzz_convert_price":"0.0","kzz_covert_value":"0.0","kzz_cpr":"0.0","kzz_putback_price":"0.0","kzz_convert_time":"","kzz_redempt_price":"0.0","kzz_straight_price":"0.0","kzz_stock_percent":"","pb":"0.13","benefit_before_tax":"0.0","benefit_after_tax":"0.0","convert_bond_ratio":"","totalissuescale":"","outstandingamt":"","maturitydate":"","remain_year":"","convertrate":"","interestrtmemo":"","release_date":"","circulation":"0.0","par_value":"0.0","due_time":"0.0","value_date":"","due_date":"","publisher":"","redeem_type":"F","issue_type":"","bond_type":"","warrant":"","sale_rrg":"","rate":"","after_hour_vol":"2","float_shares":"2434000","float_market_capital":"4454220.0","disnext_pay_date":"","convert_rate":"","volume_ratio":"0.0","percent5m":"0.46","pankou_ratio":"81.82%","dividend_pay_date":"","ex_dividend_date":"","moving_avg_200_day":"2.0086","chg_from_200_day_moving_avg":"-0.1785","pct_chg_from_200_day_moving_avg":"-0.088886","moving_avg_50_day":"1.6983","chg_from_50_day_moving_avg":"0.1318","pct_chg_from_50_day_moving_avg":"0.077588","shares_outstanding":"6597000.0","ebitda":"8790000.0","short_ratio":"0.5","pe_estimate_next_year":"","peg_ratio":"0.0","eps_estimate_next_year":"","eps_estimate_next_quarter":"0.0","eps_estimate_current_quarter":"0.19","psr":"0.1061","revenue":"1.1252E8","profit_margin":"0.03922318698897974"},"MLCO":{"symbol":"MLCO","exchange":"NASDAQ","code":"MLCO","name":"新濠博亚娱乐","current":"23.09","percentage":"-0.82","change":"-0.19","open":"23.17","high":"23.25","low":"23.04","close":"23.09","last_close":"23.28","high52week":"24.57","low52week":"14.89","volume":"207936.0","lot_volume":"207936.0","volumeAverage":"2547354","marketCapital":"1.14726109E10","eps":"0.346","pe_ttm":"66.5143","pe_lyr":"68.4706","beta":"1.84","totalShares":"492809667","time":"Mon Oct 30 10:31:33 -0400 2017","afterHours":"23.28","afterHoursPct":"0.0","afterHoursChg":"0.0","afterHoursTime":"Mon Oct 30 09:17:15 -0400 2017","updateAt":"1509350313037","dividend":"0.303","yield":"1.3","turnover_rate":"0.04%","instOwn":"25.21","rise_stop":"0.0","fall_stop":"0.0","currency_unit":"USD","amount":"4807480.32","net_assets":"5.66","hasexist":"","has_warrant":"0","type":"0","flag":"1","rest_day":"","amplitude":"0.90%","market_status":"交易中","lot_size":"1","min_order_quantity":"0","max_order_quantity":"0","tick_size":"0.01","variable_tick_size":"0.0001 1 0.01","kzz_stock_symbol":"","kzz_stock_name":"","kzz_stock_current":"23.17","kzz_convert_price":"0.0","kzz_covert_value":"0.0","kzz_cpr":"0.0","kzz_putback_price":"0.0","kzz_convert_time":"","kzz_redempt_price":"0.0","kzz_straight_price":"0.0","kzz_stock_percent":"","pb":"4.11","benefit_before_tax":"0.0","benefit_after_tax":"0.0","convert_bond_ratio":"","totalissuescale":"","outstandingamt":"","maturitydate":"","remain_year":"","convertrate":"","interestrtmemo":"","release_date":"","circulation":"0.0","par_value":"0.0","due_time":"0.0","value_date":"","due_date":"","publisher":"","redeem_type":"T","issue_type":"","bond_type":"","warrant":"","sale_rrg":"","rate":"","after_hour_vol":"207936","float_shares":"260628000","float_market_capital":"6.06741984E9","disnext_pay_date":"","convert_rate":"","volume_ratio":"0.0","percent5m":"-0.38","pankou_ratio":"40.0%","dividend_pay_date":"Wed May 31 00:00:00 CST 2017","ex_dividend_date":"Fri Aug 04 00:00:00 CST 2017","moving_avg_200_day":"22.14","chg_from_200_day_moving_avg":"1.14","pct_chg_from_200_day_moving_avg":"0.0513","moving_avg_50_day":"23.51","chg_from_50_day_moving_avg":"-0.23","pct_chg_from_50_day_moving_avg":"-0.0096","shares_outstanding":"4.89167E8","ebitda":"1.11E9","short_ratio":"1.11","pe_estimate_next_year":"24.77","peg_ratio":"3.51","eps_estimate_next_year":"0.94","eps_estimate_next_quarter":"0.22","eps_estimate_current_quarter":"0.83","psr":"2.32","revenue":"4.92E9","profit_margin":"0.05170057723577236"},"SOL":{"symbol":"SOL","exchange":"NYSE","code":"SOL","name":"昱辉阳光","current":"3.01","percentage":"3.3","change":"0.10","open":"2.97","high":"3.08","low":"2.97","close":"3.01","last_close":"2.91","high52week":"5.0","low52week":"2.12","volume":"68308.0","lot_volume":"68308.0","volumeAverage":"92250","marketCapital":"1.14689127E8","eps":"-1.7","pe_ttm":"","pe_lyr":"","beta":"2.23","totalShares":"38102700","time":"Mon Oct 30 10:31:31 -0400 2017","afterHours":"2.91","afterHoursPct":"0.0","afterHoursChg":"0.0","afterHoursTime":"Mon Oct 30 03:59:40 -0400 2017","updateAt":"1509350320230","dividend":"0.0","yield":"0.0","turnover_rate":"0.18%","instOwn":"6.0","rise_stop":"0.0","fall_stop":"0.0","currency_unit":"USD","amount":"205607.08","net_assets":"0.69","hasexist":"","has_warrant":"0","type":"1","flag":"1","rest_day":"","amplitude":"3.78%","market_status":"交易中","lot_size":"1","min_order_quantity":"0","max_order_quantity":"0","tick_size":"0.01","variable_tick_size":"0.0001 1 0.01","kzz_stock_symbol":"","kzz_stock_name":"","kzz_stock_current":"2.92","kzz_convert_price":"0.0","kzz_covert_value":"0.0","kzz_cpr":"0.0","kzz_putback_price":"0.0","kzz_convert_time":"","kzz_redempt_price":"0.0","kzz_straight_price":"0.0","kzz_stock_percent":"","pb":"4.22","benefit_before_tax":"0.0","benefit_after_tax":"0.0","convert_bond_ratio":"","totalissuescale":"","outstandingamt":"","maturitydate":"","remain_year":"","convertrate":"","interestrtmemo":"","release_date":"","circulation":"0.0","par_value":"0.0","due_time":"0.0","value_date":"","due_date":"","publisher":"","redeem_type":"F","issue_type":"","bond_type":"","warrant":"","sale_rrg":"","rate":"","after_hour_vol":"68308","float_shares":"15986000","float_market_capital":"4.651926E7","disnext_pay_date":"","convert_rate":"","volume_ratio":"0.0","percent5m":"0.0","pankou_ratio":"89.07%","dividend_pay_date":"","ex_dividend_date":"","moving_avg_200_day":"2.5","chg_from_200_day_moving_avg":"0.41","pct_chg_from_200_day_moving_avg":"0.16219999999999998","moving_avg_50_day":"2.39","chg_from_50_day_moving_avg":"0.52","pct_chg_from_50_day_moving_avg":"0.2194","shares_outstanding":"2.0053E7","ebitda":"1.449E7","short_ratio":"6.0","pe_estimate_next_year":"41.57","peg_ratio":"-0.07","eps_estimate_next_year":"0.07","eps_estimate_next_quarter":"0.0","eps_estimate_current_quarter":"-2.68","psr":"0.08","revenue":"7.2734E8","profit_margin":"-0.13785162372480544"},"NFEC":{"symbol":"NFEC","exchange":"NASDAQ","code":"NFEC","name":"能发伟业","current":"0.9111","percentage":"-3.07","change":"-0.0289","open":"0.885","high":"0.9111","low":"0.885","close":"0.9111","last_close":"0.94","high52week":"1.58","low52week":"0.751","volume":"626.0","lot_volume":"626.0","volumeAverage":"68355","marketCapital":"6648900.0","eps":"-0.25","pe_ttm":"","pe_lyr":"","beta":"-0.98","totalShares":"7073000","time":"Mon Oct 30 10:06:48 -0400 2017","afterHours":"0.94","afterHoursPct":"0.0","afterHoursChg":"0.0","afterHoursTime":"Mon Oct 30 03:59:34 -0400 2017","updateAt":"1509350314205","dividend":"0.0","yield":"0.0","turnover_rate":"0.01%","instOwn":"0.0","rise_stop":"0.0","fall_stop":"0.0","currency_unit":"USD","amount":"570.41","net_assets":"3.81","hasexist":"","has_warrant":"0","type":"1","flag":"1","rest_day":"","amplitude":"2.78%","market_status":"交易中","lot_size":"1","min_order_quantity":"0","max_order_quantity":"0","tick_size":"0.0001","variable_tick_size":"0.0001 1 0.01","kzz_stock_symbol":"","kzz_stock_name":"","kzz_stock_current":"0.9","kzz_convert_price":"0.0","kzz_covert_value":"0.0","kzz_cpr":"0.0","kzz_putback_price":"0.0","kzz_convert_time":"","kzz_redempt_price":"0.0","kzz_straight_price":"0.0","kzz_stock_percent":"","pb":"0.25","benefit_before_tax":"0.0","benefit_after_tax":"0.0","convert_bond_ratio":"","totalissuescale":"","outstandingamt":"","maturitydate":"","remain_year":"","convertrate":"","interestrtmemo":"","release_date":"","circulation":"0.0","par_value":"0.0","due_time":"0.0","value_date":"","due_date":"","publisher":"","redeem_type":"F","issue_type":"","bond_type":"","warrant":"","sale_rrg":"","rate":"","after_hour_vol":"357","float_shares":"3699000","float_market_capital":"3477060.0","disnext_pay_date":"","convert_rate":"","volume_ratio":"0.0","percent5m":"0.0","pankou_ratio":"25.0%","dividend_pay_date":"","ex_dividend_date":"","moving_avg_200_day":"0.92","chg_from_200_day_moving_avg":"0.02","pct_chg_from_200_day_moving_avg":"0.0213","moving_avg_50_day":"0.88","chg_from_50_day_moving_avg":"0.06","pct_chg_from_50_day_moving_avg":"0.0658","shares_outstanding":"7073000.0","ebitda":"-369619.0","short_ratio":"3.2","pe_estimate_next_year":"","peg_ratio":"0.0","eps_estimate_next_year":"","eps_estimate_next_quarter":"0.0","eps_estimate_current_quarter":"1.03","psr":"1.03","revenue":"6510000.0","profit_margin":"-0.2716205837173579"},"RCON":{"symbol":"RCON","exchange":"NASDAQ","code":"RCON","name":"研控科技","current":"1.58","percentage":"0.64","change":"0.01","open":"1.6","high":"1.63","low":"1.55","close":"1.58","last_close":"1.57","high52week":"2.64","low52week":"0.64","volume":"50167.0","lot_volume":"50167.0","volumeAverage":"1314635","marketCapital":"9844651.36","eps":"-0.63","pe_ttm":"","pe_lyr":"","beta":"1.98","totalShares":"6230792","time":"Mon Oct 30 10:30:45 -0400 2017","afterHours":"1.57","afterHoursPct":"0.0","afterHoursChg":"0.0","afterHoursTime":"Mon Oct 30 03:59:37 -0400 2017","updateAt":"1509350318118","dividend":"0.0","yield":"0.0","turnover_rate":"0.81%","instOwn":"2.0","rise_stop":"0.0","fall_stop":"0.0","currency_unit":"USD","amount":"79765.53","net_assets":"0.51","hasexist":"","has_warrant":"0","type":"1","flag":"1","rest_day":"","amplitude":"5.10%","market_status":"交易中","lot_size":"1","min_order_quantity":"0","max_order_quantity":"0","tick_size":"0.01","variable_tick_size":"0.0001 1 0.01","kzz_stock_symbol":"","kzz_stock_name":"","kzz_stock_current":"1.6","kzz_convert_price":"0.0","kzz_covert_value":"0.0","kzz_cpr":"0.0","kzz_putback_price":"0.0","kzz_convert_time":"","kzz_redempt_price":"0.0","kzz_straight_price":"0.0","kzz_stock_percent":"","pb":"3.08","benefit_before_tax":"0.0","benefit_after_tax":"0.0","convert_bond_ratio":"","totalissuescale":"","outstandingamt":"","maturitydate":"","remain_year":"","convertrate":"","interestrtmemo":"","release_date":"","circulation":"0.0","par_value":"0.0","due_time":"0.0","value_date":"","due_date":"","publisher":"","redeem_type":"F","issue_type":"","bond_type":"","warrant":"","sale_rrg":"","rate":"","after_hour_vol":"50167","float_shares":"5841000","float_market_capital":"9170370.0","disnext_pay_date":"","convert_rate":"","volume_ratio":"0.0","percent5m":"0.0","pankou_ratio":"-98.02%","dividend_pay_date":"","ex_dividend_date":"","moving_avg_200_day":"1.16","chg_from_200_day_moving_avg":"0.41","pct_chg_from_200_day_moving_avg":"0.35509999999999997","moving_avg_50_day":"1.21","chg_from_50_day_moving_avg":"0.36","pct_chg_from_50_day_moving_avg":"0.29309999999999997","shares_outstanding":"9902000.0","ebitda":"-4560000.0","short_ratio":"6.87","pe_estimate_next_year":"","peg_ratio":"0.0","eps_estimate_next_year":"","eps_estimate_next_quarter":"0.0","eps_estimate_current_quarter":"","psr":"1.81","revenue":"9190000.0","profit_margin":"-0.8081066376496191"},"SSW":{"symbol":"SSW","exchange":"NYSE","code":"SSW","name":"塞斯潘","current":"7.18","percentage":"1.56","change":"0.11","open":"7.07","high":"7.2","low":"7.0","close":"7.18","last_close":"7.07","high52week":"12.71","low52week":"5.02","volume":"180684.0","lot_volume":"180684.0","volumeAverage":"975266","marketCapital":"8.337825E8","eps":"1.28","pe_ttm":"5.5234","pe_lyr":"","beta":"0.64","totalShares":"117932000","time":"Mon Oct 30 10:30:32 -0400 2017","afterHours":"7.07","afterHoursPct":"0.0","afterHoursChg":"0.0","afterHoursTime":"Mon Oct 30 07:00:07 -0400 2017","updateAt":"1509350320652","dividend":"0.5","yield":"7.07","turnover_rate":"0.15%","instOwn":"12.0","rise_stop":"0.0","fall_stop":"0.0","currency_unit":"USD","amount":"1284663.24","net_assets":"15.35","hasexist":"","has_warrant":"0","type":"0","flag":"1","rest_day":"","amplitude":"2.83%","market_status":"交易中","lot_size":"1","min_order_quantity":"0","max_order_quantity":"0","tick_size":"0.01","variable_tick_size":"0.0001 1 0.01","kzz_stock_symbol":"","kzz_stock_name":"","kzz_stock_current":"6.93","kzz_convert_price":"0.0","kzz_covert_value":"0.0","kzz_cpr":"0.0","kzz_putback_price":"0.0","kzz_convert_time":"","kzz_redempt_price":"0.0","kzz_straight_price":"0.0","kzz_stock_percent":"","pb":"0.46","benefit_before_tax":"0.0","benefit_after_tax":"0.0","convert_bond_ratio":"","totalissuescale":"","outstandingamt":"","maturitydate":"","remain_year":"","convertrate":"","interestrtmemo":"","release_date":"","circulation":"0.0","par_value":"0.0","due_time":"0.0","value_date":"","due_date":"","publisher":"","redeem_type":"T","issue_type":"0","bond_type":"","warrant":"","sale_rrg":"0","rate":"","after_hour_vol":"180684","float_shares":"56269000","float_market_capital":"3.9782183E8","disnext_pay_date":"","convert_rate":"","volume_ratio":"0.0","percent5m":"0.0","pankou_ratio":"0.0%","dividend_pay_date":"Mon Oct 30 00:00:00 CST 2017","ex_dividend_date":"Thu Oct 19 00:00:00 CST 2017","moving_avg_200_day":"6.64","chg_from_200_day_moving_avg":"0.43","pct_chg_from_200_day_moving_avg":"0.0652","moving_avg_50_day":"7.13","chg_from_50_day_moving_avg":"-0.06","pct_chg_from_50_day_moving_avg":"-0.008100000000000001","shares_outstanding":"1.17837E8","ebitda":"5.01E8","short_ratio":"6.54","pe_estimate_next_year":"6.43","peg_ratio":"1.38","eps_estimate_next_year":"1.1","eps_estimate_next_quarter":"0.2","eps_estimate_current_quarter":"0.69","psr":"0.96","revenue":"8.44E8","profit_margin":"-0.22618002369668247"},"TYHT":{"symbol":"TYHT","exchange":"NASDAQ","code":"TYHT","name":"天益华泰","current":"3.69","percentage":"1.43","change":"0.05","open":"3.64","high":"3.94","low":"3.4","close":"3.69","last_close":"3.64","high52week":"6.33","low52week":"1.72","volume":"153692.0","lot_volume":"153692.0","volumeAverage":"119710","marketCapital":"7.6564E7","eps":"0.41","pe_ttm":"8.8781","pe_lyr":"8.878","beta":"0.0","totalShares":"21034000","time":"Mon Oct 30 10:31:49 -0400 2017","afterHours":"3.34","afterHoursPct":"-8.24","afterHoursChg":"-0.3","afterHoursTime":"Mon Oct 30 09:29:31 -0400 2017","updateAt":"1509350322412","dividend":"0.0","yield":"0.0","turnover_rate":"0.73%","instOwn":"0.0","rise_stop":"0.0","fall_stop":"0.0","currency_unit":"USD","amount":"567123.48","net_assets":"2.96","hasexist":"","has_warrant":"0","type":"1","flag":"1","rest_day":"","amplitude":"14.84%","market_status":"交易中","lot_size":"1","min_order_quantity":"0","max_order_quantity":"0","tick_size":"0.01","variable_tick_size":"0.0001 1 0.01","kzz_stock_symbol":"","kzz_stock_name":"","kzz_stock_current":"3.64","kzz_convert_price":"0.0","kzz_covert_value":"0.0","kzz_cpr":"0.0","kzz_putback_price":"0.0","kzz_convert_time":"","kzz_redempt_price":"0.0","kzz_straight_price":"0.0","kzz_stock_percent":"","pb":"1.23","benefit_before_tax":"0.0","benefit_after_tax":"0.0","convert_bond_ratio":"","totalissuescale":"","outstandingamt":"","maturitydate":"","remain_year":"","convertrate":"","interestrtmemo":"","release_date":"","circulation":"0.0","par_value":"0.0","due_time":"0.0","value_date":"","due_date":"","publisher":"","redeem_type":"F","issue_type":"","bond_type":"","warrant":"","sale_rrg":"","rate":"","after_hour_vol":"153692","float_shares":"14749000","float_market_capital":"5.368636E7","disnext_pay_date":"","convert_rate":"","volume_ratio":"0.0","percent5m":"-0.99","pankou_ratio":"31.58%","dividend_pay_date":"","ex_dividend_date":"","moving_avg_200_day":"2.75","chg_from_200_day_moving_avg":"0.89","pct_chg_from_200_day_moving_avg":"0.3221","moving_avg_50_day":"2.75","chg_from_50_day_moving_avg":"0.89","pct_chg_from_50_day_moving_avg":"0.3221","shares_outstanding":"2.1034E7","ebitda":"8020000.0","short_ratio":"0.27","pe_estimate_next_year":"","peg_ratio":"0.0","eps_estimate_next_year":"","eps_estimate_next_quarter":"0.0","eps_estimate_current_quarter":"","psr":"1.74","revenue":"3.359E7","profit_margin":"0.2567412920512057"},"TAL":{"symbol":"TAL","exchange":"NYSE","code":"TAL","name":"好未来","current":"27.68","percentage":"-1.18","change":"-0.33","open":"28.15","high":"28.28","low":"27.4","close":"27.68","last_close":"28.01","high52week":"36.16","low52week":"11.02","volume":"3759718.0","lot_volume":"3759718.0","volumeAverage":"4796131","marketCapital":"1.387352838E10","eps":"0.28","pe_ttm":"98.9286","pe_lyr":"118.5772","beta":"0.24","totalShares":"500849400","time":"Mon Oct 30 10:31:54 -0400 2017","afterHours":"28.18","afterHoursPct":"0.61","afterHoursChg":"0.17","afterHoursTime":"Mon Oct 30 09:29:58 -0400 2017","updateAt":"1509350321154","dividend":"0.49","yield":"1.75","turnover_rate":"0.75%","instOwn":"76.61","rise_stop":"0.0","fall_stop":"0.0","currency_unit":"USD","amount":"1.0530970118E8","net_assets":"1.38","hasexist":"","has_warrant":"0","type":"1","flag":"1","rest_day":"","amplitude":"3.14%","market_status":"交易中","lot_size":"1","min_order_quantity":"0","max_order_quantity":"0","tick_size":"0.01","variable_tick_size":"0.0001 1 0.01","kzz_stock_symbol":"","kzz_stock_name":"","kzz_stock_current":"28.15","kzz_convert_price":"0.0","kzz_covert_value":"0.0","kzz_cpr":"0.0","kzz_putback_price":"0.0","kzz_convert_time":"","kzz_redempt_price":"0.0","kzz_straight_price":"0.0","kzz_stock_percent":"","pb":"20.3","benefit_before_tax":"0.0","benefit_after_tax":"0.0","convert_bond_ratio":"","totalissuescale":"","outstandingamt":"","maturitydate":"","remain_year":"","convertrate":"","interestrtmemo":"","release_date":"","circulation":"0.0","par_value":"0.0","due_time":"0.0","value_date":"","due_date":"","publisher":"","redeem_type":"F","issue_type":"","bond_type":"","warrant":"","sale_rrg":"","rate":"","after_hour_vol":"3759718","float_shares":"","float_market_capital":"8.28189955E9","disnext_pay_date":"","convert_rate":"","volume_ratio":"0.0","percent5m":"0.0","pankou_ratio":"33.33%","dividend_pay_date":"Thu May 25 00:00:00 CST 2017","ex_dividend_date":"Tue May 09 00:00:00 CST 2017","moving_avg_200_day":"25.59","chg_from_200_day_moving_avg":"2.42","pct_chg_from_200_day_moving_avg":"0.0947","moving_avg_50_day":"33.34","chg_from_50_day_moving_avg":"-5.33","pct_chg_from_50_day_moving_avg":"-0.1598","shares_outstanding":"4.94207E8","ebitda":"1.8299E8","short_ratio":"3.7","pe_estimate_next_year":"50.02","peg_ratio":"1.4","eps_estimate_next_year":"0.56","eps_estimate_next_quarter":"0.11","eps_estimate_current_quarter":"0.34","psr":"11.71","revenue":"1.17E9","profit_margin":"0.10137579487179488"},"TOUR":{"symbol":"TOUR","exchange":"NASDAQ","code":"TOUR","name":"途牛","current":"6.92","percentage":"-1.7","change":"-0.12","open":"7.03","high":"7.21","low":"6.92","close":"6.92","last_close":"7.04","high52week":"9.6","low52week":"6.73","volume":"24654.0","lot_volume":"24654.0","volumeAverage":"178475","marketCapital":"6.6194644E8","eps":"-2.9","pe_ttm":"","pe_lyr":"","beta":"1.35","totalShares":"95657000","time":"Mon Oct 30 10:29:22 -0400 2017","afterHours":"7.04","afterHoursPct":"0.0","afterHoursChg":"0.0","afterHoursTime":"Mon Oct 30 03:59:41 -0400 2017","updateAt":"1509350321899","dividend":"0.0","yield":"0.0","turnover_rate":"0.03%","instOwn":"17.0","rise_stop":"0.0","fall_stop":"0.0","currency_unit":"USD","amount":"173071.08","net_assets":"4.67","hasexist":"","has_warrant":"0","type":"1","flag":"1","rest_day":"","amplitude":"4.12%","market_status":"交易中","lot_size":"1","min_order_quantity":"0","max_order_quantity":"0","tick_size":"0.01","variable_tick_size":"0.0001 1 0.01","kzz_stock_symbol":"","kzz_stock_name":"","kzz_stock_current":"7.03","kzz_convert_price":"0.0","kzz_covert_value":"0.0","kzz_cpr":"0.0","kzz_putback_price":"0.0","kzz_convert_time":"","kzz_redempt_price":"0.0","kzz_straight_price":"0.0","kzz_stock_percent":"","pb":"1.51","benefit_before_tax":"0.0","benefit_after_tax":"0.0","convert_bond_ratio":"","totalissuescale":"","outstandingamt":"","maturitydate":"","remain_year":"","convertrate":"","interestrtmemo":"","release_date":"","circulation":"0.0","par_value":"0.0","due_time":"0.0","value_date":"","due_date":"","publisher":"","redeem_type":"T","issue_type":"","bond_type":"","warrant":"","sale_rrg":"","rate":"","after_hour_vol":"24654","float_shares":"","float_market_capital":"3.004776E8","disnext_pay_date":"","convert_rate":"","volume_ratio":"0.0","percent5m":"-0.24","pankou_ratio":"71.43%","dividend_pay_date":"","ex_dividend_date":"","moving_avg_200_day":"7.92","chg_from_200_day_moving_avg":"-0.88","pct_chg_from_200_day_moving_avg":"-0.11109999999999999","moving_avg_50_day":"7.73","chg_from_50_day_moving_avg":"-0.69","pct_chg_from_50_day_moving_avg":"-0.08960000000000001","shares_outstanding":"9.3337E7","ebitda":"-2.4311E8","short_ratio":"9.03","pe_estimate_next_year":"","peg_ratio":"6131.0","eps_estimate_next_year":"-0.04","eps_estimate_next_quarter":"-0.22","eps_estimate_current_quarter":"-0.77","psr":"0.62","revenue":"1.06E9","profit_margin":"-0.18051023584905657"}}